1748 2459
217 1084 339 1124 nyffopus

216 1124 362 1162 „Asper-griis

213 1162 266 1190 loro
275 1163 383 1192 Hekraeis

186 1201 192 1206 '
213 1199 361 1238 inftrviebas
369 1222 376 1230 .

211 1586 272 1610 Tres·
275 1583 366 1619 forme

208 1624 335 1658 purgatio-

208 1670 266 1687 num
273 1662 341 1698 apud

207 1701 228 1724 R
234 1709 332 1730 omanos

207 1739 315 1768 Veteres.

205 1834 325 1861 Proclur..

206 1873 290 1899 rinus
302 1870 353 1909 sul-

202 1910 301 1948 phur-ss.

418 88 494 143 238
800 91 1180 138 Rsseioxo

418 201 843 252 VASCULUM
880 196 1651 271 PORTATILE,'SIM1LE

671 271 731 330 sti
741 287 812 337 quo
823 290 919 319 nunc
931 276 1068 320 utimur
1080 274 1118 319 in
1130 273 1253 320 nolim
1265 277 1435 341 relg'gt'one

1545 1000 1556 1039 ,ι’

401 1087 486 1127 illas
510 1088 746 1142 colligentes
764 1087 804 1127 in
828 1088 906 1128 hoc
932 1087 1019 1128 vase
1035 1084 1206 1140 ,quibus
1227 1100 1373 1140 aquam
1385 1087 1639 1145 superinfun-

401 1145 559 1185 derent:
587 1151 625 1186 δε
647 1146 877 1199 arripientes
899 1143 1222 1200 hyffopiramum
1243 1172 1255 1189 ‚
1276 1144 1393 1187 illum
1429 1149 1640 1199 immerge-

400 1201 493 1242 bant
514 1216 627 1255 aquae
640 1229 651 1248 ‚
681 1213 803 1255 atque
823 1200 1018 1240 adstantes
1042 1199 1090 1240 eo
1113 1199 1371 1253 aspergebant
1398 1202 1638 1258 purgabant-

394 1271 486 1311 que.
518 1259 717 1311 Qiamvis
728 1257 1018 1297 observaverim
1031 1286 1042 1305 ,
1073 1255 1187 1308 quod
1201 1258 1305 1296 circa
1319 1259 1440 1300 finem
1452 1257 1636 1301 sacrificii

393 1328 533 1354 eorum
549 1344 561 1362 ,
590 1314 1074 1368 quandoignisinciperet
1086 1311 1291 1366 extingui,
1314 1316 1637 1371 superinjicerent

392 1385 534 1425 parvas
559 1371 771 1425 particulas
794 1371 895 1426 ligni
915 1369 1068 1411 cedrini
1088 1396 1100 1416 ,
1126 1368 1286 1423 hyssopi
1309 1401 1321 1420 ,
1349 1385 1471 1428 atque
1509 1372 1636 1413 cumi-

393 1442 490 1467 num
503 1450 513 1475 3
528 1433 567 1469 &
591 1442 640 1467 ex
652 1428 776 1467 tribus
789 1428 932 1468 horum
953 1424 1151 1467 cineribus
1173 1439 1319 1478 aquam
1332 1430 1477 1471 sacram
1499 1429 1634 1470 lustra-

392 1484 470 1523 lem
493 1483 773 1524 conficiebant.
796 1485 985 1524 Attamen
999 1481 1226 1524 notandum
1248 1486 1326 1534 est,
1355 1487 1469 1541 quod
1484 1487 1523 1527 in
1547 1500 1633 1525 om-

393 1541 508 1580 nibus
531 1540 730 1580 sacrificiis
755 1541 952 1582 Veterum
963 1552 1039 1581 tres
1063 1540 1205 1579 formae
1228 1546 1515 1598 purgationum
1527 1556 1633 1594 repe-

391 1598 559 1638 rirentur
569 1626 580 1644 ,
594 1611 737 1651 nempe
748 1611 793 1636 ex
805 1597 1091 1650 lignoAbietis,
1102 1594 1291 1647 sulphure
1302 1628 1314 1647 ‚
1326 1606 1362 1641 &
1377 1615 1490 1654 aqua.
1505 1599 1632 1652 Qlod

395 1657 521 1694 Plinius
533 1655 694 1693 decimo
716 1654 1031 1694 sextolibrorum
1055 1653 1218 1692 suorum
1249 1658 1395 1709 probat
1423 1685 1435 1704 ‚
1466 1656 1632 1710 quando

392 1713 496 1752 dixit
511 1740 523 1759 ,
549 1711 663 1764 quod
683 1711 802 1750 Abies
822 1710 925 1751 inter
945 1711 1100 1750 arbores
1121 1707 1283 1752 refinam
1315 1713 1498 1753 stillantes
1526 1741 1539 1759 ,
1584 1711 1632 1753 fit

391 1780 501 1823 grata
524 1766 841 1822 propterfocum
868 1798 878 1813 ,
901 1772 940 1808 δε
969 1766 1104 1806 lumen
1126 1763 1168 1803 in
1191 1768 1400 1810 sacrificiis.
1431 1769 1631 1823 Sulphure

390 1825 602 1866 utebantur
624 1824 855 1864 Sacerdotes
889 1823 911 1878 ζ
922 1823 1019 1864 sicut
1045 1828 1176 1867 proclus
1200 1826 1300 1866 dicit
1323 1827 1338 1878 )
1368 1828 1407 1866 in
1441 1825 1629 1880 purifica-

390 1884 566 1922 tionibus
604 1895 696 1920 cum
720 1880 895 1935 Aphalte
916 1882 980 1921 vel
1002 1882 1202 1924 bitumine
1231 1912 1243 1930 ‚
1273 1888 1312 1924 ὃ(
1334 1897 1436 1937 aqua
1459 1883 1630 1933 marin-15

389 1941 484 1993 quia
497 1939 660 1994 sulphur
671 1949 869 1992 expurgat
881 1940 1062 1978 acumine
1074 1938 1133 1978 sui
1147 1941 1294 1981 odoris.
1325 1941 1377 1981 Et
1391 1943 1520 1980 Plinius
1540 1939 1628 1979 scri-

388 1999 467 2044 bit,
489 1998 601 2051 quod
623 1995 787 2051 sulphur
812 1993 949 2034 locum
963 1995 1079 2037 habet
1104 1996 1145 2037 in
1167 1998 1425 2052 religionibus
1440 1997 1511 2044 ,ad
1524 1997 1626 2035 aedes

1557 2053 1627 2093 suo

1715 0 1748 331 l
