1748 2459
248 824 333 862 Nostra
343 822 402 850 reli-

246 874 289 901 gio
298 865 311 890 ἡ
326 867 375 889 Peo

243 901 362 940 produt‘ia
369 898 408 937 est.

253 1086 327 1124 Falsa
339 1087 391 1114 Gen
398 1106 406 1111 .

253 1128 337 1155 tilium

256 1168 345 1203 opinio.

254 1334 367 1358 Veterum

254 1375 392 1398 Daemones.

258 1834 413 1863 miraculum

255 1873 352 1910 falsum
364 1876 404 1900 Ve-

252 1911 364 1949 spaffani
372 1913 396 1939 in

255 1950 422 1979 Alexandria.
462 1978 467 1983 ,

423 104 499 146 234
861 88 1242 134 REL1010

429 182 616 224 magnam
626 166 785 209 haberet
810 167 980 210 vitutem
994 182 1088 211 cum
1109 176 1129 214 ὲ
1148 169 1346 214 Pontifice
1361 170 1547 213 Maximo
1573 177 1672 215 conj

430 227 624 266 secratum
638 224 742 265 esset.

487 286 622 336 Atque
641 282 743 321 illud
756 283 868 335 quod
883 282 1035 322 Gentes
1061 282 1101 321 in
1133 281 1356 324 ridiculofis
1377 297 1517 325 eorum
1539 285 1672 340 super-

430 338 656 379 stitionibus
671 369 681 386 ‚
695 352 764 378 nos
778 340 827 378 ad
843 339 1015 379 nostram
1026 338 1260 392 religionem
1276 339 1539 381 Christianam
1551 353 1673 381 trans-

429 395 595 435 tulimus
608 423 621 442 ,
653 394 842 435 facientes
869 395 1144 436 consecrare&
1167 396 1401 436 benedicere
1415 397 1591 450 parvulis
1603 412 1672 437 no-

429 452 512 492 stris
527 453 654 506 Agnis
678 452 778 498 Dei,
807 466 850 491 ac
867 452 1008 492 nostris
1021 454 1250 506 campanis,
1279 467 1367 506 quae
1380 453 1450 493 illo
1473 455 1674 494 mediante

373 516 380 559 j
427 510 615 549 virtutem
625 510 840 562 acquirunt
863 510 914 549 ad
927 509 1180 563 tempestates
1196 515 1235 551 ὃς
1255 510 1417 563 injurias
1435 510 1672 551 coeliarcen-

428 566 516 605 das:
537 566 652 619 aeque
664 579 709 604 ac
732 564 784 605 sal
804 571 844 606 Sc
871 579 975 619 aqua
998 596 1007 611 ,
1039 580 1109 619 per
1129 566 1422 607 benediffiones
1444 572 1482 608 ὃ(
1505 567 1676 607 exorcis-

429 636 518 662 mos
548 622 715 662 illorum
737 650 749 669 ‚
779 623 961 677 vigorem
1000 634 1123 676 atque
1144 624 1336 672 virtutem
1375 625 1582 678 accipiunt
1621 624 1674 665 ad

438 679 602 733 spiritus
621 678 746 719 malos
761 676 973 734 fugandos.

489 735 581 776 Post
592 735 756 790 longam
776 737 1080 776 meditationem
1100 765 1110 780 ‚
1143 734 1284 789 saepius
1308 735 1349 775 in
1367 737 1676 778 admirationem

436 792 623 846 abreptus
635 793 718 839 fui,
755 794 969 846 quomodo
981 793 1160 834 Gentiles
1174 804 1256 832 tam
1276 791 1402 848 longo
1414 805 1594 848 tempore
1615 809 1633 833 r
1656 807 1676 833 e

438 850 647 889 manserint
660 850 699 888 in
722 848 883 889 illorum
906 850 1099 905 religione
1121 848 1236 896 falsa,
1251 848 1515 903 superstitiosa
1530 862 1674 903 ‚atque

438 905 633 953 conficta,
663 904 932 959 relinquentes
956 906 1223 960 nostramquae
1248 918 1337 945 vera
1355 913 1393 948 &
1413 909 1435 948 a
1460 909 1549 948 Deo
1580 921 1673 962 pro-

439 962 559 1002 dueta
569 962 634 1001 est.
664 962 817 1003 Verum
829 976 949 1016 quam
971 962 1065 1002 falsa
1085 964 1227 1016 opinio
1248 961 1384 1002 locum
1405 965 1575 1018 reperire
1596 979 1670 1019 po-

439 1019 568 1058 tuitin
588 1030 701 1058 tanto
716 1033 882 1058 numero
904 1020 1113 1059 hominum
1143 1019 1377 1072 sapientum,
1404 1021 1676 1062 modestorum

441 1089 485 1113 ac
498 1074 718 1128 proborum
731 1105 741 1121 ‚
763 1086 806 1114 ut
817 1076 1021 1116 crederent
1034 1104 1045 1122 ,
1055 1076 1168 1129 quod
1182 1089 1348 1129 magnus
1360 1076 1427 1116 ille
1446 1079 1561 1118 Pater
1588 1092 1676 1117 om-

438 1133 627 1185 nipotens
648 1135 779 1186 Jupiter
814 1134 1012 1186 Optimus
1043 1138 1228 1172 Maximus
1246 1132 1374 1172 vietus
1410 1131 1531 1176 fuerit
1562 1144 1676 1176 tanto

435 1201 601 1228 numero
622 1189 882 1242 voluptatum
904 1190 1015 1243 apud
1028 1189 1211 1229 honestos
1232 1189 1339 1229 viros
1359 1189 1649 1231 detestabilium
1662 1222 1676 1241 ,

435 1249 474 1285 &
505 1244 618 1297 quod
639 1245 877 1299 potestatem
902 1246 1059 1286 haberet
1083 1275 1095 1293 ,
1119 1256 1310 1298 tanquam
1333 1247 1500 1287 Tonans
1519 1253 1559 1290 ὃς
1583 1247 1677 1289 Ful-

437 1312 622 1356 gurator‚
653 1301 831 1354 jaciendi
854 1301 1010 1342 fulmen·
1028 1308 1066 1344 δε
1096 1303 1258 1358 sagittas
1287 1301 1373 1342 suas
1396 1318 1471 1359 pro
1501 1304 1634 1346 lubitu
1664 1319 1674 1344 ι

436 1371 539 1411 opus
561 1357 667 1396 certe
688 1359 928 1399 Daemonum
951 1374 995 1399 ac
1028 1360 1221 1400 malorum
1253 1359 1488 1413 spirituum,
1517 1362 1590 1415 qui
1608 1374 1674 1402 eos

436 1426 516 1453 tam
529 1414 654 1463 longo
665 1426 847 1469 tempore
859 1416 898 1455 in
911 1416 990 1456 istis
1003 1417 1199 1456 erroribus
1213 1418 1474 1458 retinuerunt.
1497 1418 1674 1459 Romani

436 1482 518 1510 tam
547 1460 665 1509 fache
687 1472 906 1525 potuissent
930 1473 1089 1512 credere
1111 1504 1121 1520 ,
1149 1473 1263 1527 quod
1298 1473 1470 1527 JESUS
1502 1475 1685 1515 CHRI?

438 1527 582 1567 STUS
599 1539 777 1567 mortuos
792 1527 1045 1569 resuscitafl‘ct
1060 1558 1071 1576 ,
1099 1544 1221 1583 quam
1240 1527 1473 1586 eAEsculapius
1492 1531 1654 1572 illorum
1666 1562 1677 1579 ,

439 1597 560 1636 quem
571 1582 740 1623 fulmine
752 1584 914 1637 percuss
911 1600 979 1624 um
990 1616 998 1630 ‚
1016 1587 1055 1625 in
1070 1586 1221 1626 coelum
1240 1585 1446 1627 ascendere
1470 1586 1652 1628 fecerunt
1663 1610 1676 1636 3

443 1645 482 1680 δε
506 1640 683 1693 cogitare
714 1639 827 1693 quod
867 1641 1034 1695 Virgine
1065 1654 1180 1682 natus
1201 1643 1293 1694 effet
1320 1672 1332 1691 ‚
1360 1644 1458 1684 sicut
1487 1644 1677 1686 volebant

445 1696 559 1748 quod
569 1697 661 1749 Vesta
680 1697 772 1736 esset
784 1696 900 1751 virgo
913 1712 958 1737 ac
972 1710 1095 1738 mater
1107 1700 1361 1740 Deorum.Ac
1373 1701 1538 1753 quidem
1551 1715 1677 1741 occa:-

446 1757 525 1791 cati
537 1753 793 1806 erant.quod
806 1755 964 1795 credere
985 1754 1227 1809 denegarent
1256 1757 1480 1796 Dominum
1501 1757 1678 1798 nostrum

444 1809 567 1848 coecis
589 1808 718 1848 visum
729 1809 944 1850 reddidisse
963 1843 971 1857 ‚
995 1825 1088 1851 cum
1110 1811 1314 1852 assererent
1343 1815 1574 1868 Vespzfianum
1600 1815 1678 1855 Im-

442 1877 665 1918 peratorem
698 1864 822 1907 simile
844 1868 1082 1908 miraculum
1112 1869 1151 1907 in
1182 1867 1425 1909 Alexandria
1462 1870 1678 1924 perfecisse.

443 1921 582 1961 Miseri
615 1922 794 1961 Romani
822 1951 834 1970 ,
881 1924 1011 1964 miseri
1043 1923 1224 1964 Gentiles
1264 1927 1462 1966 occoecati
1491 1928 1682 1981 ignorari⁶

439 1979 654 2032 tia,magna
666 1980 770 2018 certe
781 1981 1123 2020 commiseratione
1135 1981 1271 2034 digni,
1294 1983 1365 2035 qui
1377 1983 1562 2022 omnibus
1575 1983 1680 2023 hisce

438 2032 580 2075 fabulis
603 2034 728 2075 fidem
740 2035 928 2078 haberent
942 2065 954 2085 ‚
973 2037 1119 2091 absque
1141 2038 1376 2092 cognitione
1399 2039 1597 2080 malorum
1608 2039 1680 2079 ho-

1591 2108 1687 2137 tum.
