1748 2459
429 83 720 127 VETERUM
751 81 1143 128 Roumoxun
1334 88 1393 145 ‘63

139 177 213 208 nos
225 174 377 206 veteres
389 163 531 205 statum
544 177 589 203 ac
600 175 751 203 munus
764 161 941 203 Tribuni
952 164 1146 205 militaris.
1161 163 1304 206 Restat
1323 179 1384 212 or,

137 224 272 264 dinem
288 221 497 261 videamus
511 232 632 275 quem
645 230 824 261 tenerent
836 248 849 268 ,
876 233 971 260 cum
994 222 1305 276 demigrandum
1325 223 1381 263 es..
1398 211 1522 286 Ξῖξξ,

136 280 193 321 set
204 308 217 328 ,
244 278 317 334 qui
328 277 416 319 talis
427 289 509 318 erat
523 306 536 325 ,
566 277 693 330 Qlod
709 276 839 316 subite>
852 304 864 323 ‚
892 276 944 316 ad
962 279 1138 331 primum
1153 279 1258 318 tubae
1276 279 1378 320 soni.
1394 286 1529 318 militarit,

137 349 225 378 tum
238 367 247 383 ‚
263 334 523 377 detrahebant
535 348 579 374 ac
592 332 866 388 compilabant
875 336 1048 374 tentoria
1059 336 1381 390 papilionesque,

136 405 257 448 atque
268 390 463 433 vehiculis
471 390 744 446 imponebant.
775 390 884 443 Quia
894 392 1046 431 nemini
1055 392 1220 446 permifs
1217 407 1285 433 um
1294 406 1379 436 erat

136 450 387 507 papilionem
398 450 547 503 erigere
559 478 576 494 ‚⁴
598 459 813 502 antequam
823 449 1005 488 <tentoria
1025 450 1297 491 Tribunorum
1307 462 1379 492 aut

138 506 365 550 Consulum
377 504 537 546 fuiffent
547 504 673 546 erecta
684 533 696 552 ,
711 515 782 545 aut
793 504 980 546 detracta.
1010 506 1077 546 Ad
1089 505 1310 548 secundum
1320 508 1378 549 so-

135 566 269 606 nitum
297 563 539 617 (quidicere
551 563 592 603 in
614 561 753 616 equis)
780 562 1073 617 impedimenta
1090 561 1158 605 sua
1177 563 1267 618 post
1284 565 1380 606 dor-

134 621 220 662 sum
231 619 409 675 ligabant
430 635 438 660 :
469 619 570 662 &ad
582 620 748 660 tertium
778 618 958 675 (nempe
968 620 1021 660 ad
1042 619 1150 676 signa
1171 620 1384 674 militaria)

136 677 341 720 universus
361 678 559 718 exercitus
580 677 621 717 in
641 687 756 717 motu
768 687 874 724 erat,
901 677 938 718 se
958 677 1033 718 viae
1051 677 1311 733 accingebat,
1338 683 1379 720 &

136 734 381 791 procedebat
393 748 478 789 quo
490 732 769 775 Consulillum
779 733 927 775 ducere
936 733 1073 777 vellet.
1101 735 1205 776 Tres
1217 734 1379 776 ordines

136 793 379 833 hastatorum
390 819 403 839 ‚
432 791 667 845 Principum
679 818 693 839 ,
722 796 762 833 δε
787 791 1034 834 Triariorum
1045 820 1059 840 ‚
1086 791 1379 847 impedimenta

137 849 322 890 omnium
334 848 602 904 Infigniorum
614 847 755 902 colligi
766 846 967 890 faciebant
980 876 995 897 ,
1024 862 1115 903 quae
1126 859 1219 889 ante
1230 862 1298 889 eos
1308 862 1379 889 ve*

136 906 353 947 hebantur:
382 916 502 959 atque
512 904 564 946 fic
577 903 824 960 procedebat
850 904 986 949 omnis
1003 905 1154 948 militia·
1169 905 1385 956 Romano-5⁷

137 978 225 1008 rum
241 963 503 1019 pedetentim.

1201 2093 1379 2158 Μαι,
