1748 2459
376 100 432 151 58
676 125 678 128 ,
732 91 1231 131 ΕΛετκΑΜετΑΊ-ῐθ

427 164 684 221 Inprincipio
698 163 892 206 Consules
906 163 1106 220 eligebant
1119 163 1344 208 Tribunos,
1378 174 1423 205 ut
1444 163 1613 219 legioni-

369 223 446 264 bus
461 223 656 263 Romanis
669 221 921 277 prae-siderent
935 249 947 270 ,
967 233 1088 275 atque
1099 221 1375 261 auctoritatem
1384 233 1614 264 exercerent

370 280 488 334 super
500 278 644 319 milites
664 279 967 333 exercitumque
989 276 1280 318 Romanorum.
1313 279 1471 318 Deinde
1492 277 1614 333 elige-

371 337 516 377 bantur
530 337 551 377 31
562 335 753 376 militibus
765 347 924 376 armatis
936 362 947 382 ,
976 335 1122 388 quibus
1144 347 1286 374 munus
1300 348 1343 372 ac
1354 335 1612 388 praeeminen-

371 403 427 433 tia
440 392 505 432 illa
519 394 611 433 data
623 393 726 433 esset.
758 391 1008 432 buccessione
1021 402 1249 445 temporum
1262 404 1330 444 per
1341 390 1527 446 luffragia
1539 405 1614 445 po-

371 450 458 504 puli
471 449 565 489 fasti
576 449 674 489 sunt.
707 449 923 502 Postquam
948 447 1192 501 Respublica.
1206 448 1391 486 Romana
1414 447 1483 487 sub
1497 459 1611 502 pote-

178 512 346 557 ‘sribzmvrum
370 506 466 547 state
479 505 681 547 Caesarum
694 506 875 559 pervenit
888 533 899 551 ‚
928 504 1127 559 eligebant
1139 503 1197 543 illi
1221 504 1427 543 Tribunos
1442 535 1450 550 ,
1484 505 1617 545 homi-.

179 552 271 581 ‘kam'
369 577 436 603 nes
449 564 600 603 virtute
611 563 772 602 dotatos
787 590 798 608 ‚
811 561 1012 615 prove&ae
1029 562 1154 601 :etatis
1170 589 1179 604 ,
1210 573 1363 614 magnae
1385 561 1608 614 prudentiae

368 634 413 660 ac
426 619 625 673 sapienti-,e
640 648 651 665 ‚
664 620 703 658 in
716 619 861 672 quibus
873 617 965 658 ess'et
977 618 1222 670 experientia
1234 616 1442 656 bellorum.
1471 618 1611 658 Postea

369 676 618 716 consuetudo
632 674 808 715 successit
821 703 832 721 ‚
861 674 975 728 quod
987 702 998 721 ‚
1027 675 1054 713 fi
1068 677 1286 727 Imperator
1298 673 1469 714 Tribuni
1479 673 1609 714 offici-

370 747 436 772 um
452 732 568 773 militi
581 731 848 771 conferretilli
861 730 1094 786 gladiumin
1115 743 1277 770 manum
1295 729 1405 770 daret
1420 758 1432 777 ,
1458 731 1509 771 ad
1535 731 1609 786 fig-

180 803 285 833 Tribuni
369 789 613 829 nificandam
624 789 901 829 alletoritatem
912 801 1036 841 quam
1055 787 1214 827 haberet
1230 788 1320 840 jure
1340 788 1524 835 militari,
1551 789 1610 828 su-

179 844 322 873 ssffl'fm·
368 860 438 900 per
451 845 597 885 milites
619 850 658 887 ὃ(
677 855 858 885 armatos.
892 845 1148 897 Praecipuum
1168 844 1251 898 ejus
1273 856 1416 883 munus
1439 855 1519 884 erat
1540 859 1609 885 cu-

364 917 448 942 ram
458 902 673 942 castrorum
684 906 723 942 ὃς
733 901 932 941 exercitus
947 900 1088 940 habere
1100 928 1112 947 ,
1143 904 1182 940 &
1194 900 1397 940 attendere
1409 914 1456 940 ne
1478 902 1616 941 muni-

364 960 491 999 tiones
503 958 586 997 illic
600 957 814 1005 deficiant,
843 969 964 1010 atque
982 956 1165 997 ordinem
1188 956 1280 996 dare
1293 957 1432 1010 tit-dies
1457 958 1610 998 noctes-

363 1030 443 1070 que
453 1015 644 1068 excubias
656 1025 776 1068 agant
785 1045 796 1060 ,
826 1018 907 1068 prae
918 1015 1063 1054 timore
1073 1026 1193 1066 quem
1206 1013 1383 1054 Romani
1395 1013 1605 1062 habebant,

365 1086 413 1112 ne
426 1072 681 1111 inimicorum
715 1069 980 1124 speculatores
993 1070 1094 1109 clam
1118 1069 1159 1108 in
1171 1068 1332 1109 illorum
1352 1070 1472 1110 castra
1491 1085 1611 1126 pene-

367 1127 754 1169 trarentssolenn-iter
764 1126 812 1166 ab
822 1139 980 1168 armatis
1002 1126 1239 1166 sacramenta
1250 1125 1465 1167 sumebant.
1495 1129 1610 1169 Nam

365 1198 501 1239 neque
526 1184 730 1238 peditibus
745 1196 873 1237 neque
887 1178 1089 1237 equitibus
1101 1182 1258 1222 licitum
1279 1193 1361 1223 erat
1382 1196 1489 1223 arma
1506 1185 1610 1226 acci-

365 1256 481 1296 pere,
495 1239 564 1280 njfi
580 1241 689 1295 prius
711 1239 892 1295 legitime
912 1240 1094 1281 Tribuno
1109 1240 1379 1292 juramentum
1392 1240 1611 1290 dedissent,

367 1312 462 1338 cum
474 1299 513 1337 in
524 1297 938 1350 aciemprocederent.
984 1297 1140 1338 Munus
1162 1307 1245 1336 erat
1262 1296 1432 1338 Tribuni
1453 1298 1609 1352 pedites

371 1361 409 1396 ἃ
422 1355 576 1407 equites
588 1355 629 1393 in
641 1353 821 1393 ordinem
835 1353 1004 1407 dirigere
1016 1382 1027 1398 ‚
1059 1352 1261 1393 honestam
1273 1352 1538 1396 dimissionem
1550 1369 1609 1397 ar-

371 1415 488 1451 matis
497 1411 590 1451 dare
599 1411 674 1463 qui
686 1410 784 1449 bene
795 1409 1024 1451 militassent
1035 1437 1047 1456 ,
1077 1420 1259 1464 tempore
1270 1409 1323 1449 ad
1341 1410 1538 1455 militiam
1551 1426 1610 1453 re.

371 1467 521 1521 quisito
535 1499 544 1512 ,
572 1478 617 1506 ut
639 1467 807 1506 domum
821 1468 928 1506 suam
948 1466 1192 1506 recederent:
1224 1476 1398 1506 attamen
1417 1468 1609 1510 mandato

374 1523 564 1564 Consulis
577 1535 645 1562 aut
666 1522 849 1562 Praefesti
862 1523 1053 1578 generalis
1066 1523 1276 1564 exercitus.
1307 1524 1607 1575 Quodamarcel.

180 1586 322 1618 mrcez'lus.
368 1582 419 1620 lus
453 1579 662 1619 annotavit
690 1579 730 1618 in
753 1590 837 1619 arte
858 1579 1039 1623 militari:
1071 1580 1144 1634 qui
1167 1579 1292 1627 dicit,
1319 1581 1434 1633 quod
1461 1596 1607 1622 munus

369 1637 547 1678 Tribuni
568 1637 685 1682 esset,
714 1633 1001 1690 superomnia,
1032 1647 1204 1678 armatos
1225 1635 1301 1676 suis
1323 1637 1519 1678 mandatis
1541 1639 1615 1679 ad·

367 1693 445 1734 huc
465 1693 695 1733 obedientes
718 1692 968 1740 conservare,
999 1705 1044 1734 ut
1064 1704 1322 1734 exerceantur
1343 1707 1502 1742 curare,
1531 1695 1612 1736 cla-

365 1764 432 1790 ves
454 1762 658 1804 portarum
672 1748 784 1789 castri
803 1749 1000 1790 custodire
1014 1777 1026 1797 ,
1054 1761 1176 1804 atque
1187 1763 1320 1790 curam
1335 1763 1470 1805 gerere
1488 1765 1537 1792 ne
1554 1766 1610 1793 ar-

369 1808 468 1847 mati
483 1804 704 1860 improviso
720 1806 867 1859 possint
888 1807 1027 1855 obrui,
1056 1821 1149 1847 cum
1172 1806 1453 1861 pabularentur
1472 1824 1480 1849 ε
1511 1823 1609 1863 prae-

369 1863 491 1918 cipue
514 1863 541 1902 si
564 1862 734 1902 inimicis
755 1862 875 1904 essent
898 1864 1085 1918 proximi.
1131 1863 1301 1903 Tribuni
1321 1864 1453 1905 adhuc
1472 1879 1608 1907 curam

368 1920 557 1974 gerebant
577 1951 586 1965 ‚
616 1932 709 1958 cum
742 1919 1056 1961 Centurionibus
1080 1952 1089 1966 ,
1120 1934 1321 1961 armorum
1343 1952 1353 1968 ‚
1384 1935 1581 1977 equorum
1594 1957 1605 1972 ,

365 1977 548 2031 argenti,
579 1986 822 2030 :egrotorum
848 1977 1138 2018 visitandorum
1160 2005 1172 2025 ‚
1201 1977 1382 2018 laesorum
1404 1979 1607 2020 medicari..

362 2036 525 2079 dorum,
555 2032 818 2074 &nominum
840 2033 881 2072 in
904 2033 1133 2090 catalogum
1152 2034 1476 2077 annotandorum
1499 2036 1606 2079 Cen.

1511 2103 1607 2136 turi-
