1748 2459
5 339 9 378 ὲ

5 377 41 403 ςό

390 102 1119 146 VETERUMROMANORUM
1303 120 1353 163 97

113 175 308 233 persimile
328 204 341 224 ‚
363 175 489 230 portis
507 176 722 229 januisque
764 175 1003 229 patentibus.
1034 178 1300 231 'lertiumque
1320 179 1351 217 i-

112 247 241 276 terum
265 239 303 275 ὃς
325 244 513 287 quartum
534 231 686 286 semper
704 233 890 272 inferiore
905 234 1222 274 contraffiustac
1233 235 1344 274 dein-

111 304 206 345 ceps
228 289 324 336 alia,
353 289 483 343 donec
505 288 556 327 ad
576 300 800 328 extremum
815 316 826 335 ‚
855 288 968 342 quod
990 289 1043 329 est
1056 291 1238 330 omnium
1258 291 1343 330 bre-

108 346 307 387 viss'unum
321 374 333 393 ‚
363 345 626 400 perveniatur.
640 344 763 386 Pcsszs
774 345 856 397 ejus
867 344 1030 385 :edificii
1042 344 1213 386 formam
1234 361 1344 387 com·

110 417 246 458 parare
266 403 438 443 turribus
477 401 538 441 his
570 415 659 455 quae
681 402 881 456 portubus
906 403 1158 442 imminentes
1181 431 1192 450 ‚
1222 404 1344 443 nothi

113 464 206 515 igne
229 459 393 513 ptaelato
413 486 425 505 ,
454 471 571 497 naves
593 459 634 496 in
656 469 760 497 tutas
789 459 974 497 stationes
997 460 1178 514 dirigunt
1201 482 1211 505 3
1242 460 1342 513 pha-

108 531 171 557 ros
184 515 310 569 vulgo
341 514 558 568 appellant,
591 514 721 568 Igitur
741 515 842 554 le&o
863 516 903 554 in
922 515 1139 555 secundum
1162 516 1339 555 taberna-

111 573 249 612 culum
268 571 447 617 sublato,
475 583 651 610 aromata
675 576 713 612 ἃ
745 570 967 611 suffimenta
988 573 1118 611 omnis
1141 573 1293 627 generis
1323 600 1334 619 ,

106 629 257 670 frustus
271 627 507 681 herbasque,
538 627 759 681 succosque
782 642 918 667 omnes
950 629 1139 668 odoratos
1168 630 1337 682 conqui-

102 696 197 727 runt
214 696 335 738 atque
356 684 568 724 acervatim
583 683 798 724 effundunt
811 707 821 732 3
845 685 1001 739 quippe
1023 699 1150 738 neque
1165 698 1259 740 gens
1271 685 1340 732 est,

105 755 236 796 neque
255 743 394 782 civitas
415 770 428 788 ,
456 754 585 793 neque
603 741 675 794 qui
690 741 840 780 honore
853 741 935 781 ullo
947 753 1015 781 aut
1027 743 1225 796 dignitate
1238 756 1336 796 prec-

109 801 226 839 cellat
248 828 259 844 ‚
287 791 385 851 quin'
408 798 587 837 certatim
609 811 684 851 pro
707 797 744 836 se
766 798 934 851 quistpie
963 798 1147 852 suprema
1167 798 1232 838 illa
1253 812 1336 838 mu·
1357 834 1385 860 (Ι
1469 833 1501 859 du

105 871 195 896 nera
241 855 438 908 Principis
466 854 609 893 honori
628 852 820 893 deferant.
854 853 940 894 Ubi
964 855 1061 895 vero
1085 856 1224 910 ingens
1247 869 1332 895 aro-
1357 843 1512 899 enimim-

103 924 257 953 matum
278 925 440 951 acervus
461 911 643 964 aggestus
669 910 722 950 est
744 938 756 958 ‚
784 924 830 950 ac
850 910 965 951 locus
977 913 1106 952 omnis
1130 911 1333 966 expletus,
1356 911 1483 975 P>*'¹'f[¹⁰

103 981 189 1009 tum
213 969 316 1008 circa
337 966 555 1008 aedificium
578 967 679 1006 illud
699 966 937 1020 adequitant
959 987 970 1020 3
999 968 1191 1009 universis
1214 982 1333 1022 eque·
1354 954 1479 1024 „ZZZ”

102 1026 186 1067 stris
209 1025 360 1065 ordinis
391 1035 497 1064 certa
544 1024 719 1077 quadam
751 1024 840 1078 lege
860 1038 905 1063 ac
929 1026 1111 1072 recursu,
1139 1037 1337 1079 motuque

52 1086 57 1089 '
102 1082 313 1138 Pyrrichio
333 1095 602 1134 numeroque,
628 1081 668 1119 in
691 1080 828 1120 orbem
851 1080 1165 1122 decurrentibus.
1187 1085 1338 1122 Currus

101 1140 199 1179 item
220 1140 548 1192 circumaguntur
562 1165 574 1184 ,
604 1136 725 1176 insessi
746 1139 976 1191 purpuratis
994 1139 1248 1184 Reitoribus,
1269 1140 1343 1192 qui

105 1195 289 1251 personas
309 1194 437 1234 ferant
451 1196 617 1234 Ducum
638 1193 834 1234 omniun-1³
844 1195 1124 1236 Romanorum
1145 1224 1158 1242 ,
1196 1196 1348 1235 Princi-

101 1265 284 1307 pumque
301 1249 523 1290 illustrium.
555 1251 657 1303 Qiae
680 1251 750 1290 ubi
772 1251 966 1291 celebrata
989 1252 1100 1299 sunt,
1128 1251 1259 1292 facem
1284 1266 1347 1291 ca-

101 1309 165 1363 pit
197 1307 363 1362 Imperii
390 1305 582 1346 successor
610 1335 623 1353 ,
651 1321 820 1361 eamque
848 1308 1103 1348 tabernaculo
1141 1308 1346 1348 admovet.

102 1366 218 1405 Tum
240 1363 371 1403 caeteri
392 1376 529 1402 omnes
550 1363 732 1416 undique
755 1365 890 1418 ignem
912 1365 1128 1418 subjiciunt
1146 1381 1154 1405 :
1186 1365 1344 1404 cunsta-

99 1435 180 1475 que
197 1453 210 1472 ‚
241 1419 450 1460 fomitibus
473 1418 551 1458 illis
573 1419 694 1459 aridis
717 1421 1071 1474 odoramentisque
1092 1421 1231 1461 refeffla
1246 1449 1256 1465 ,
1281 1421 1342 1476 ig-

99 1479 140 1519 ni
153 1478 285 1518 valido
297 1476 691 1530 corripiuntur.Mox
702 1477 750 1516 ab
759 1490 939 1518 extremo
951 1479 1203 1533 minimoque
1215 1477 1339 1518 taber-
1358 1506 1458 1542 Aquila
1466 1507 1520 1534 am..

99 1533 244 1576 naculo
256 1566 266 1580 ‚
278 1545 468 1587 tanquam
480 1533 502 1571 ὲ
516 1532 673 1587 fastigio
691 1535 872 1587 quodam
885 1563 896 1582 ,
909 1533 1023 1575 simul
1036 1549 1131 1575 cum
1154 1535 1330 1588 subjecto
1355 1549 1513 1587 mam-mpe-

97 1591 324 1646 igniaquila
335 1590 565 1630 dimittitur:
579 1603 668 1643 quae
682 1592 722 1630 in
733 1591 882 1631 ccelum
896 1592 1070 1631 creditur
1085 1592 1207 1645 ipsam
1221 1592 1332 1631 Prin·
1348 1583 1494 1655 ssr‘ffi'ffaffi

97 1649 200 1702 cipis
220 1649 391 1687 animam
419 1645 574 1686 deferre
597 1674 608 1692 ,
637 1660 682 1686 ac
699 1648 782 1700 jam
807 1661 856 1687 ex
887 1647 958 1687 illo
972 1650 1048 1689 una
1062 1663 1154 1688 cum
1183 1650 1331 1689 caeteris
1354 1658 1413 1687 tum.

98 1704 327 1746 numinibus
339 1707 559 1758 Imperator
571 1702 718 1743 colitur
729 1733 741 1751 ‚
753 1709 790 1745 &
805 1704 862 1743 illi
872 1704 1024 1759 templa
1037 1706 1285 1745 dedicantur.
1454 1707 1456 1709 ’

153 1764 208 1802 At
233 1761 368 1815 quaeso
388 1760 595 1799 videamus
624 1774 767 1800 vanam
791 1761 998 1801 stultitiam
1021 1792 1030 1807 ‚
1073 1763 1138 1802 cui
1169 1762 1333 1816 plurimi
1354 1784 1420 1811 Vana
1430 1786 1478 1810 Ro-

99 1818 377 1859 Romanorum
391 1817 546 1856 tamdiu
557 1816 818 1865 adhaeserunt,
829 1818 900 1872 qui
911 1818 1091 1858 homines
1102 1819 1334 1866 illiciebant,
1354 1831 1481 1866 maman?

101 1886 169 1914 aut
190 1875 325 1928 potius
347 1874 484 1927 precio
505 1873 790 1928 comparabant
811 1876 904 1928 ‚qui
918 1876 1153 1928 juramentis
1166 1875 1335 1916 affirma-
1352 1859 1498 1898 fi³perft¹¹¹⁰'

100 1942 187 1971 rent
210 1961 219 1975 ‚
257 1931 390 1970 vidisse
410 1929 447 1970 se
465 1933 635 1970 animam
659 1930 913 1986 Imperatoris
936 1932 1073 1972 exilire
1094 1947 1143 1972 ex
1165 1932 1335 1979 foco‚in

102 2002 186 2041 quo
209 2000 354 2041 corpus
376 1989 457 2041 ejus
480 1987 650 2026 flammis
672 1988 928 2042 absumptum
948 2000 1030 2028 erat
1052 2018 1065 2036 ,
1094 2004 1216 2042 quam
1248 1994 1340 2045 Jovis

101 2044 253 2099 Aquila
278 2044 505 2084 numinibus
524 2043 703 2086 assertam
724 2045 762 2085 in
786 2045 936 2086 coelum
961 2045 1172 2086 detulisset.

1159 2103 1280 2144 Vide
1295 2102 1341 2143 fis
