1826 2532
253 85 1206 159 DEDICATIO.

51 186 273 258 sertim
292 205 528 276 operas
563 181 856 248 volueris
903 184 1230 252 exerceri:
1279 210 1402 255 ex-

48 283 379 386 poscebat
407 279 522 347 iste
539 276 731 344 favor
753 276 1032 368 aliquod
1061 281 1231 368 grati
1261 283 1400 349 ani-

46 374 433 467 mifignum‚
484 372 710 464 quod,
738 395 825 439 ne
849 373 1404 478 procrastinando

48 473 532 562 perderemus,
584 465 753 533 hanc
812 468 954 571 ejus
1009 465 1404 538 testificandi

47 562 467 632 occasionem
484 562 796 629 lubentes
817 561 1225 651 arripuimus,
1245 588 1403 633 cum

46 658 324 726 hicliber
339 655 574 724 Latina
588 675 849 724 cwitate
862 655 1153 724 donatus
1174 659 1242 725 ὃς
1263 683 1405 725 car-

48 752 304 819 ceribus
354 750 833 852 typographiae
908 750 1401 820 nostraemanu-

46 844 461 924 mitteretur,
499 866 704 934 quem
721 841 762 908 [1
778 866 862 910 eo
901 844 1173 911 nomine
1212 869 1403 912 rece-

46 938 248 1028 peris,
277 937 474 1004 facies
518 938 623 1010 id,
674 938 869 1027 quod
926 939 1006 1005 ab
1058 938 1253 1004 obvia
1285 960 1399 1007 tua

45 1032 447 1117 humanitate
494 1030 691 1100 nobis
732 1031 919 1098 facile
985 1031 1398 1120 pollicemur.

48 1125 310 1193 Verum
333 1125 688 1192 enimvero
723 1173 736 1198 ‚
763 1126 916 1192 licet
933 1122 1196 1191 filerent
1242 1149 1391 1191 om-

44 1241 190 1320 nes,
229 1241 393 1310 quas
415 1218 631 1284 modo
667 1232 734 1288 in
789 1217 1084 1285 medium
1125 1221 1392 1306 produ-

50 1311 297 1384 ximus,
325 1311 610 1378 rationes
653 1310 853 1398 hujus
894 1313 1035 1380 libri
1061 1313 1226 1379 Tibi
1267 1313 1390 1379 de-

47 1404 340 1481 dicandi,
381 1422 596 1470 tamen
623 1426 706 1468 ex
739 1404 1176 1493 cognominis
1211 1407 1386 1495 ejus-

41 1457 522 1571 demlocietas,
577 1498 646 1564 ὃς
699 1497 1035 1587 sanguinis
1099 1500 1389 1588 propin-

41 1590 476 1681 quiornexus
506 1613 648 1657 non
686 1590 1000 1666 hortari,
1046 1589 1157 1658 sed
1196 1593 1393 1683 plane

38 1683 379 1774 impellere
413 1702 862 1774 nospoterat‚
926 1709 1011 1751 ne
1072 1686 1394 1752 domesti-

40 1799 192 1843 cum
218 1779 538 1845 arbitrum
563 1777 790 1845 alienae
820 1778 1387 1868 postponeremus

43 1872 408 1939 ambitioni.
557 1875 750 1940 Habe
772 1896 940 1964 ergo
983 1873 1118 1939 hoc
1184 1875 1386 1948 Tibi,

41 1963 394 2031 suaviffime
452 1970 825 2044 COGNATE,
873 1987 1391 2033 monumentum

44 2057 253 2127 nostri
280 2078 513 2138 cutus,
558 2065 728 2153 grati
776 2061 971 2130 animi
1015 2110 1030 2138 ,
1074 2062 1141 2129 ὃ(
1170 2061 1388 2126 mutui

1205 2175 1388 2220 amo*-
