1748 2459
354 37 1107 84 VETERUMROMANORUM.
1302 57 1350 86 ω

172 114 206 155 Ε
220 113 357 170 figuris
371 116 685 170 praecedentibus
710 128 851 157 notum
863 118 936 158 erit
947 146 959 165 ‚
979 117 1190 171 quomodo
1213 116 1345 172 Signi-

118 169 192 210 feri
204 171 396 225 gestarent
407 173 608 213 thoracem
624 202 635 220 ‚
647 174 805 213 brevem
818 175 1038 228 pugionem
1052 206 1067 219 ,.
1082 176 1227 214 dextro
1239 174 1350 215 lateri

118 228 711 275 accinctum,tunicam‚tibialia‚
723 234 762 270 ὃς
774 230 868 269 loco
880 230 1178 284 galeae.verticis
1190 242 1330 284 integu
1339 253 1348 264 a

117 295 296 323 mentum
310 313 321 330 ‚
344 283 492 324 factum
505 286 556 325 ad
580 286 878 326 similitudinem
898 288 1041 340 capitis
1059 287 1183 326 leonis
1195 286 1316 326 avulsi
1334 300 1347 324 .·

115 340 447 391 quodinservirct
472 341 738 396 (ficutinquit
759 342 1007 398 Vegetius)ad
1019 342 1263 397 Signiferum
1288 342 1346 382 fe-
1370 352 1499 390 Vegen'uae.

119 396 313 435 rociorem
345 398 705 451 terribilioremque
747 399 920 437 inimicis
949 399 1217 439 reddendum.

174 452 266 492 Post
289 452 507 507 §igniferos
532 455 708 494 Romani
731 454 926 494 habebant
947 454 1050 496 duos
1078 455 1344 495 Centuriones

113 519 188 560 pro
200 522 441 562 unaquaque
467 511 658 551 cohorte.
686 512 784 565 quia
812 512 1010 550 incertum
1040 522 1121 551 erat
1145 511 1343 564 quidnam

114 564 383 618 unusquisque
400 580 539 605 eorum
559 565 731 619 perferre.
743 567 879 620 posset.
896 568 1008 607 Nam
1028 568 1158 622 (sicut
1183 575 1264 606 Cato
1285 568 1344 606 di·
1368 572 1516 618 Refbellicae

117 621 228 660 cebat
249 649 260 667 ‚
282 622 394 674 quod
416 636 473 661 res
495 622 645 662 bellica*
672 622 970 664 excusationem
1000 638 1080 664 non
1101 623 1337 663 admittant:
1367 617 1502 677 zmil?

109 688 201 716 cum
218 675 329 716 illico
352 680 591 732 poenitentia
611 679 1165 735 sequereturerrorem)hanc
1178 679 1230 718 ob
1254 693 1344 719 cau-
1365 688 1510 717 admittunt-

106 733 186 772 sam
208 748 411 787 nunquam
442 736 722 788 permittebant
739 736 914 775 Romani
928 740 1040 788 quod
1052 737 1184 790 aliqua
1195 735 1339 775 cohors

107 803 280 830 maneret
299 791 444 844 absque
467 793 735 831 Centurione:
756 797 795 832 &
817 791 844 830 si
857 791 961 831 forte
974 792 1058 833 duo
1071 794 1339 833 Centuriones

107 846 314 899 praesentes
336 847 531 895 adessent3
561 848 592 887 is
605 876 617 895 ‚
646 849 717 901 qui
732 849 864 902 primo
878 848 1024 888 electus
1048 849 1176 889 fuerat
1191 879 1200 893 ,
1213 849 1332 887 duce-

106 904 171 942 bat
193 904 378 943 dextrum
392 903 492 943 latus
523 905 702 944 cohortis
717 935 725 948 ‚
757 903 999 944 &secundus
1011 919 1084 945 eos
1105 904 1177 959 qui
1199 904 1331 958 Signi-

104 958 195 999 fero
215 959 482 1000 erantfinistri.
524 960 566 999 Si
587 974 687 1000 unus
701 959 903 1006 deficeret,
935 961 964 999 is
975 963 1046 1014 qui
1074 960 1241 1016 praesens
1256 972 1338 1001 erat

105 1016 245 1056 cuneta
269 1016 523 1072 gubernabat.

158 1072 335 1113 Romani
357 1074 512 1127 equites
534 1072 675 1112 suosin
691 1072 829 1114 decem
841 1073 919 1113 alas
942 1072 1176 1113 dividebant
1196 1101 1208 1120 ‚
1237 1086 1335 1126 quas
1389 1122 1395 1128 .
1420 1123 1424 1127 ἡ

102 1141 174 1167 nos
186 1140 334 1169 turmas
344 1130 515 1169 dicimus
529 1128 748 1183 (nomemsi
762 1144 840 1170 non
853 1131 940 1169 satis
954 1130 1177 1184 proprium,
1189 1129 1332 1168 nihilo·
1358 1122 1529 1189 ssgjffljmm

100 1187 232 1225 minus
244 1187 452 1240 cognitum
465 1185 552 1225 satis
566 1185 758 1225 sumentes
771 1200 820 1225 ex
832 1187 1016 1226 omnibus
1029 1198 1105 1225 tres
1119 1186 1331 1225 Praefectos
1360 1203 1485 1235 Equitum.

102 1242 248 1293 quibus
268 1254 343 1282 τῖες
357 1242 708 1288 substituebantur,
731 1247 769 1282 &
783 1243 934 1296 primus
960 1242 1120 1281 illorum
1131 1254 1212 1282 erat
1226 1243 1332 1282 Cen-

101 1299 213 1337 turio
221 1299 397 1339 cohortis
408 1327 420 1345 ‚
433 1299 500 1337 alii
512 1310 646 1338 autem
656 1299 836 1338 ordinem
849 1299 1032 1339 tenebant
1043 1300 1126 1338 Dec
1133 1299 1330 1338 urionum:

101 1353 292 1395 secundus
307 1354 491 1395 eratloco
511 1355 654 1408 primi,
674 1354 746 1394 1110
757 1355 925 1398 absente.
956 1355 1082 1395 Porro
1103 1369 1181 1394 non
1202 1365 1333 1394 tanto-

97 1424 193 1464 pere
217 1412 464 1465 requirebant
494 1411 701 1450 audaciam
733 1415 769 1451 &
804 1413 941 1452 mortis
974 1422 1252 1464 contemptum
1293 1412 1333 1449 in
1360 1453 1379 1476 B

99 1468 414 1508 Centurionibus
436 1481 573 1506 eorum
597 1495 609 1513 ,
638 1481 683 1506 ac
712 1469 860 1507 bonum
902 1468 1077 1521 regimen
1104 1467 1335 1518 bonumque
1358 1459 1504 1524 gffssffiff

101 1524 330 1565 consilium:
354 1524 516 1577 &quod
539 1523 780 1576 persisterent
803 1555 812 1569 ,
847 1538 928 1564 non
954 1523 1172 1563 deserendo
1193 1522 1332 1562 locum
1360 1536 1526 1572 ’mmmm-

99 1579 346 1634 assignatum.
379 1580 593 1632 Postquam
616 1581 791 1620 Tribuni
811 1580 1049 1619 divisionem
1081 1580 1189 1620 suam
1211 1578 1336 1617 absol·
1359 1564 1528 1632 {flffgnjsslim

99 1638 240 1677 visi‘ent
253 1666 264 1684 ,
293 1649 414 1690 atque
436 1637 506 1676 hos
521 1636 663 1675 modos
676 1636 979 1676 ordinationum
1004 1636 1141 1689 quoad
1163 1647 1333 1674 armatu-
1361 1652 1433 1685 qiam
1450 1642 1529 1670 auda-

104 1707 186 1733 ram
206 1693 478 1747 perfeciss'ent,
502 1692 755 1731 remittebant
781 1706 905 1731 novos
926 1692 1071 1732 milites
1101 1692 1152 1731 ad
1174 1690 1336 1730 illorum
1363 1689 1410 1709 ⁶¹²·

97 1750 320 1790 domicilia:
344 1755 382 1791 ἃ
404 1749 569 1802 quando
591 1748 875 1802 diespraefixus
887 1749 1129 1789 adventasset
1144 1761 1249 1800 ‚quo
1262 1762 1333 1801 per

97 1806 291 1845 Consules
304 1806 483 1860 affignati
505 1803 625 1844 ess‘ent
649 1833 660 1850 ‚
691 1818 827 1844 omncs
850 1806 922 1858 qui
950 1804 1258 1859 comparuissent
1293 1809 1330 1844 &
1473 1853 1478 1859 Ι

98 1864 259 1902 nomina
269 1862 463 1902 dediss'ent
477 1888 487 1905 ,
508 1861 875 1914 congregabantur,
896 1861 1009 1902 nullo
1021 1872 1192 1914 excepto
1207 1875 1218 1897 .·
1242 1872 1335 1899 cum
1368 1852 1500 1917 ῗωῖἷζζξζι

95 1918 298 1958 excusatio
309 1932 390 1958 non
408 1917 648 1970 reciperetur
664 1945 675 1963 ,
705 1916 775 1956 nisi
791 1929 957 1972 propter
968 1919 1180 1973 augurium
1192 1915 1331 1955 sanita·
1361 1913 1512 1966 μείωμα.

96 1986 270 2028 temque.
298 1973 581 2016 Conioederati
602 1985 686 2013 tam
715 1973 799 2014 cito
830 1973 939 2016 haud
961 1987 1073 2015 erant
1104 1972 1340 2028 congregati
1366 1966 1514 2015 {usfflm'm'

1367 2019 1380 2034 a
1391 2007 1487 2036 mflilia
1502 2027 1510 2041 ,

1246 2042 1338 2069 CUm
