1748 2459
380 62 430 101 62
813 62 1203 104 RELIGIO

384 138 539 179 storum
568 135 662 176 inde
682 136 907 193 resurgeret.
935 138 1144 180 Alexander
1155 147 1304 179 Severus
1333 137 1625 195 repraesentavit

392 196 520 235 Deam
543 207 612 247 per
649 194 890 248 amphoram
912 196 1036 236 tritici
1065 196 1182 250 spicis
1223 195 1396 251 plenam.
1429 194 1552 236 Probus
1582 198 1622 235 ὃε

394 253 565 290 Florianus
586 263 657 304 per
676 249 864 290 feminam
883 250 1062 292 stolatam
1085 279 1097 299 ‚
1126 252 1292 307 globum
1314 251 1455 294 dextra
1491 262 1625 291 tenen-

401 318 482 346 tem
506 336 515 350 ‚
546 305 692 346 finistra
720 307 919 361 sceptrum
942 321 1036 347 eum
1054 309 1313 362 cornucopia.

214 370 347 397 CCNSF-
459 362 523 401 Ut
540 362 592 401 ad
612 365 872 402 aeternitatem
897 364 1052 403 redeam
1067 392 1078 408 ,
1109 363 1282 404 laborem
1304 362 1498 402 inutiliter
1521 361 1624 401 insu-

212 407 367 473 ξῖῗξῗέξ)
407 432 552 458 merem
590 449 602 464 ,
638 418 665 457 fi
697 418 860 458 ulterius
881 432 1085 473 pergerem
1106 434 1186 460 non
1218 418 1505 460 conicribendo
1537 417 1623 457 Ro-

154 514 156 517 ,
211 466 338 523 „qim'ram
407 488 616 516 manorum
646 474 804 514 stultam
823 476 1139 529 iuperstitionem
1175 503 1187 523 ‚
1227 475 1299 530 qui
1327 474 1415 529 post
1454 484 1624 514 mortem

211 525 363 589 ζζὶξῖζζζὲζρ
407 532 669 581 Imperatores
698 529 966 571 consecrarent
996 560 1009 579 ,
1047 533 1230 585 quamvis
1253 532 1442 573 Senatum
1472 544 1517 570 ac
1546 529 1623 570 Po-

216 568 376 637 gasawt-⁵
402 585 546 640 pulum
586 587 819 627 Romanum
848 588 1050 642 tyrannice
1081 588 1299 628 habuiffent
1328 616 1340 635 ,
1379 586 1503 626 stante
1533 584 1624 625 illo-

214 636 308 668 ‘’'⁴⁷¹‘¹''·
403 656 488 682 rum
512 656 633 696 regno
655 661 667 694 ς
688 648 724 683 &
737 657 806 697 per
824 642 889 683 sua
904 644 946 684 N
954 643 1160 684 umismata
1188 644 1257 683 fibi
1278 656 1422 684 nomen
1443 655 1625 696 arrogan-

402 710 459 738 tes
486 699 651 751 Optimi
685 699 907 753 Principis,
931 698 1174 741 Fundatoris
1196 701 1335 747 Pacis,
1356 705 1395 740 ὃς
1416 698 1626 745 Restaura-

402 754 498 793 toris
520 754 624 793 urbis
648 754 802 794 Romae.
826 755 955 809 Quod
971 756 1099 795 videri
1121 756 1250 810 potest
1271 758 1312 797 in
1332 762 1372 796 L.
1384 758 1543 809 Septimio
1563 761 1626 794 Se-

403 824 504 856 vero,
527 809 688 849 homine
709 811 923 852 barbaro&
943 810 1216 866 sanguinario,
1237 813 1309 867 qui
1333 813 1386 852 de
1405 811 1533 853 milite
1543 813 1624 866 pri-

403 878 498 906 vato
516 866 567 905 ad
588 866 745 906 culmen
763 867 929 907 surrexit
948 867 1127 919 Imperii:
1154 869 1237 910 Hic
1249 901 1258 915 ‚
1291 880 1339 909 ut
1358 867 1473 921 quod
1495 870 1624 909 inten-

402 923 514 961 deret
534 923 839 976 consequeretur
854 953 863 969 ,
886 922 1022 963 misere
1043 923 1204 979 decepit
1216 931 1256 968 &
1274 924 1457 979 prodidit
1469 926 1623 965 Clodtum

403 978 594 1019 cAlbinmn
607 1007 619 1026 ,
639 979 854 1019 Patricium
867 1009 878 1025 ,
909 979 1012 1019 bona
1030 984 1069 1022 &
1088 982 1252 1035 antiqua
1268 982 1547 1023 Romanorum
1566 980 1622 1021 fa-

398 1034 505 1073 milia
525 1046 784 1088 prognatum:
807 1035 1002 1076 affumens
1013 1036 1152 1077 titulos
1167 1037 1303 1093 (quos
1325 1037 1491 1078 Senatus
1502 1037 1623 1079 dabat

397 1090 709 1144 Imperatoribus
721 1090 743 1145 )
756 1093 884 1146 magis
906 1106 978 1146 per
992 1092 1290 1139 adulationes&
1313 1104 1442 1136 metus
1461 1124 1472 1142 ,
1500 1094 1623 1151 quam

400 1159 471 1200 per
486 1146 570 1188 suas
580 1149 746 1190 virtutes
769 1153 808 1191 &
828 1149 979 1191 merita.

906 1340 1258 1395 SEVERVS·

970 1407 1171 1430 ARGENT-
