1748 2459
360 79 1125 126 VETExuuRoMiiuonuM.
1313 96 1374 150 59·

139 161 346 205 turi-anum
368 190 379 208 ,
407 160 709 208 Decurionum,
748 159 1040 216 signiferorum
1068 175 1113 202 ac
1144 162 1370 218 Primipilo-

134 234 235 264 rum.
276 219 387 261 Nam
397 230 546 260 veteres
555 216 832 260 existimabant
844 230 982 259 contra
994 220 1186 261 rationem
1201 219 1375 265 Considi

133 288 203 319 aut
241 275 424 318 Tribuno
440 304 453 323 ‚
489 287 634 316 nomen
665 275 964 317 centurionum
990 275 1149 316 suorum
1180 277 1373 331 ignorare

136 332 412 377 Necessarium
422 331 554 373 adhuc
566 343 670 377 erat,
698 331 811 386 quod
833 332 1033 374 Tribunus
1047 333 1242 386 patienter
1261 335 1372 374 audi.

135 402 193 431 ret
204 389 292 430 lites
303 401 546 429 armatorum
558 416 570 435 ,
599 388 645 427 iis
658 401 818 441 aequum
825 387 1058 442 justumque
1075 389 1308 433 tribuendo:
1331 395 1369 432 ὃς

138 447 164 488 ss
178 447 364 500 reperiret
377 479 387 494 ,
417 445 531 499 quod
542 445 582 484 in
594 444 801 485 ordinibus
813 444 1011 485 bonorum
1024 444 1196 485 militum
1211 474 1223 493 ‚
1251 445 1373 486 essent

135 503 302 557 quidam
322 500 491 556 perversi
519 515 564 540 ac
590 500 809 541 turbulenti
830 535 839 549 ‚
879 501 967 541 illos
997 502 1229 542 cohortibus
1252 504 1374 548 eximi

137 560 245 600 fecit.
276 559 390 598 Sicut
409 559 527 613 igiter
537 557 801 611 unusquisque
819 558 1021 598 Tribunus
1032 559 1106 598 tria
1117 558 1283 599 habebat
1295 558 1368 613 sig-

137 632 208 664 na,
239 614 615 668 &unumquodque
626 614 729 654 ultra
751 625 913 654 centum
935 614 1167 661 hominum,
1195 617 1375 669 exceptis

136 673 305 715 Triariis
327 685 374 711 ac
393 671 572 712 Hastatis
584 699 597 718 ‚
625 670 800 724 quihuic
812 672 965 712 muneri
976 670 1146 726 obligati
1158 683 1372 718 nouerant,

135 740 386 785 quapropter
404 727 589 783 agiliores
613 727 911 781 reperiebantur
932 750 943 775 5
983 729 1175 781 quoniam
1198 728 1376 768 excubiae

135 786 298 842 singulis
317 785 519 839 quaternis
540 784 680 824 diebus
701 784 741 823 in
775 798 1108 838 unumquemque
1129 784 1376 841 Signiferum

137 843 368 885 reciderent.
404 842 650 881 Triariorum
680 840 870 894 Signiferi
906 842 955 880 ab
992 841 1138 880 officiis
1177 843 1376 882 Tribuno-

135 914 225 941 rum
244 900 438 939 immunes
465 908 576 938 erant
596 918 607 944 ;
638 896 706 936 sed
726 897 912 937 omnibus
935 897 1077 937 diebus
1104 899 1245 937 turmis
1267 898 1376 951 equi-

136 969 224 998 tum
245 954 504 996 inserviebant
524 982 537 1001 ‚
565 953 782 993 secundum
802 955 916 1007 quod
935 953 1223 1007 consequenter
1244 954 1351 994 collo
1368 983 1382 990 -

134 1011 370 1064 catiess‘ent3
400 1010 617 1064 &insuper
635 1009 1073 1050 tenebanturexcubare
1085 1010 1264 1056 caballis,
1295 1025 1376 1065 prae

134 1071 306 1116 timore,
335 1067 450 1122 quod
471 1067 498 1107 si
517 1065 624 1107 forte
643 1066 805 1106 vincula
822 1066 1071 1107 excussisseiit
1091 1095 1104 1114 ,
1133 1081 1181 1107 ne
1202 1068 1376 1107 invicem

135 1126 326 1168 morsibus
347 1136 416 1165 aut
436 1123 609 1163 calcibus
630 1122 806 1163 lederent
827 1152 839 1171 ,
868 1129 907 1165 &
929 1123 1120 1178 deinceps
1146 1123 1306 1164 inutiles
1328 1138 1373 1164 ac

135 1184 251 1238 parvi
273 1181 533 1222 redderentur
554 1180 713 1220 servitii.
743 1181 848 1220 Nam
869 1179 896 1220 fi
918 1181 1020 1220 inter
1041 1180 1077 1220 se
1096 1181 1373 1229 calcitrarent,

135 1240 237 1280 illud
257 1238 414 1279 causam
440 1237 534 1278 dare
559 1237 687 1291 posset
708 1264 721 1284 ,
750 1237 865 1290 quod
895 1237 936 1276 in
958 1237 1136 1277 exercitu
1158 1237 1372 1279 concursus

117 1297 185 1337 'ad
200 1310 305 1336 arma
318 1294 439 1335 fieret.
454 1295 645 1335 Praeterea
656 1294 836 1333 omnium
850 1293 1143 1348 Signiferorum
1156 1308 1257 1334 unus
1269 1308 1367 1349 quo-

135 1354 235 1394 tidie
248 1352 434 1392 excubias
445 1351 587 1406 agebat
597 1362 688 1391 ante
707 1351 926 1391 tentorium
950 1350 1161 1398 Consulis,
1189 1351 1241 1390 ad
1258 1351 1366 1391 suam

135 1410 407 1455 securitatem,
439 1408 565 1449 &alia
586 1421 674 1461 quae
696 1406 947 1461 supervenire
970 1409 1145 1462 possent:
1178 1421 1261 1461 quo
1277 1411 1364 1450 Ma-

135 1467 316 1523 gistratus
338 1465 452 1506 tanto
470 1463 739 1505 honorabilior
768 1463 872 1504 esset.
921 1462 1206 1504 Confoederati
1229 1477 1363 1505 curam
1387 1464 1555 1491 ’‘f-“⁷¹¹¹‘C0’1‘

138 1525 327 1579 gerebant
347 1522 520 1562 duorum
541 1521 708 1561 laterum
730 1520 838 1560 foffae
858 1532 979 1574 atque
997 1520 1090 1559 valli
1120 1520 1142 1574 ζ
1154 1521 1249 1573 quia
1273 1535 1366 1560 una·
1382 1502 1525 1572 {ffirma-

137 1594 310 1634 quaeque
330 1579 473 1618 cohors
494 1592 634 1618 eorum
654 1577 737 1616 illic
759 1578 926 1631 propius
947 1576 1106 1629 aderat)
1133 1582 1171 1618 Sc
1192 1578 1371 1617 Romani

137 1638 305 1678 aliorum
319 1636 491 1675 duorum
509 1636 675 1674 laterum
687 1662 700 1680 ‚
728 1639 766 1675 ἃ
789 1648 1040 1689 unaquaeque
1062 1633 1171 1688 legio
1192 1636 1307 1674 suum
1318 1635 1370 1673 la-

137 1706 201 1734 tus
221 1693 399 1733 habebat.
439 1692 680 1731 Turmarum
703 1691 889 1744 equitum
911 1690 1093 1731 Praefecti
1104 1691 1152 1730 ad
1175 1690 1277 1730 Solis
1309 1706 1371 1730 or-

138 1762 225 1791 tum
237 1761 327 1790 ante
340 1747 564 1804 papiliones
576 1749 849 1787 Tribunorum
873 1747 1083 1788 veniebant
1097 1776 1106 1788 ‚
1136 1761 1181 1787 ac
1203 1746 1370 1787 Tribuni

139 1811 377 1847 honoratum
398 1806 506 1845 ibant
529 1803 748 1845 Consulem
771 1819 778 1843 :
817 1815 937 1858 atque
966 1804 1048 1844 illic
1079 1800 1370 1846 consultabant>

139 1868 177 1903 δε
198 1862 466 1917 loquebantur
486 1861 537 1901 de
555 1861 667 1900 rebus
697 1860 1058 1914 supervenientibus
1077 1883 1088 1909 ;
1122 1860 1374 1914 Tribunique

137 1920 354 1974 Equitibus
367 1953 375 1966 ,
406 1931 450 1957 ac
463 1929 682 1958 turmarum
697 1915 894 1958 Praefeffis
907 1919 979 1972 qui
1000 1917 1231 1957 cohortibus
1245 1918 1370 1971 impe·
1393 1921 1516 1967 Τνίόωιξ-

139 1983 297 2024 rabant,
328 1975 550 2029 requirente
569 1974 669 2013 illud
691 1974 923 2015 necessitate.
961 1974 1100 2015 Postea
1123 1973 1275 2014 Consul
1287 1986 1365 2014 ten
1390 1963 1561 2031 ξξῖξζζζξξξ

138 2036 242 2076 torio
256 2033 390 2075 exibat
403 2062 412 2080 ‚
444 2032 656 2073 comitatus
671 2031 859 2072 omnibus
872 2032 947 2073 suis
969 2031 1157 2072 Tribunis
1173 2052 1196 2078 ,⁷
1216 2032 1369 2072 Centu-
1390 2049 1431 2070 nes
1460 2041 1563 2069 comita.

727 2095 762 2128 H
794 2102 812 2127 2
1252 2088 1368 2128 rioni-
