1748 2459
169 124 269 153 Tertius
281 125 342 149 Buc-

374 87 426 130 74
715 77 1225 130 CASTRAMErATio

178 160 343 199 mafanum
373 150 603 194 modumde
625 152 669 190 iis
701 151 947 194 inserviendi.
989 151 1177 192 Tandem
1197 150 1363 191 ultimus
1385 162 1431 189 ac
1467 151 1607 196 tertius

190 260 295 287 Furrina
309 257 349 281 in·

189 330 279 363 ”Nih-(l

192 380 328 402 Romanos.

198 848 292 885 Vegefii

196 885 303 914 busana.

200 1162 330 1190 'tubicines

200 1201 320 1228 terribilex

374 209 550 248 buceio-„c
568 206 715 247 sonitus
729 221 838 248 aures
854 208 1029 254 feriebat,
1045 214 1082 250 ἐς
1097 219 1191 248 tunc
1203 206 1446 261 procedebat
1457 207 1608 246 exerci-

377 277 439 305 tus
453 265 493 303 in
504 264 601 309 acie,
615 276 736 317 atque
749 265 1038 318 impedimenta
1049 264 1199 304 ordine.
1212 265 1252 303 Si
1264 263 1474 317 quisquam
1487 263 1605 303 tardi-

381 334 424 360 us
438 320 743 375 progrederetur
767 349 776 363 ‚
796 334 840 359 ac
854 322 1022 360 nimium
1032 331 1245 361 remaneret
1260 321 1281 360 a
1294 319 1607 374 terg0,c0nstrin-

380 378 546 432 gebatur
567 377 691 431 magis
711 376 890 416 festinare
902 382 941 418 &
962 377 1145 416 ordinem
1163 376 1364 417 resumere.
1377 377 1473 428 Quo
1487 376 1608 422 fasto.

382 436 622 488 imperatore
636 433 673 472 se
691 433 745 472 ad
757 433 938 473 dextram
951 434 1076 474 totius
1088 434 1283 473 exercitus
1296 433 1464 472 habente
1476 460 1487 479 ‚
1510 431 1606 472 buc-

382 490 470 530 cina
493 489 616 530 tribus
638 489 799 529 diversis
818 490 973 529 vicibus
993 489 1060 529 sua
1077 489 1346 544 interrogabat
1359 501 1459 528 voce
1473 515 1484 532 ,
1508 502 1606 528 num

381 547 497 586 armis
512 547 726 586 decernere
747 546 872 600 parati
889 546 1033 586 effent:
1056 546 1121 585 cui
1131 546 1184 585 ab
1203 545 1384 585 omnibus
1397 544 1607 598 responde-

381 604 507 649 batur,
523 617 568 641 ac
580 616 680 642 voce
693 602 859 644 alacri&
872 601 965 648 alta,
978 602 1123 643 Sumus
1137 617 1144 641 :
1159 606 1197 642 &
1210 612 1416 656 rogantem
1428 601 1607 654 aliquan-

380 660 436 698 do
450 673 528 713 prae
538 659 764 711 veniebant3
791 659 844 698 iia
856 670 901 699 ut
929 658 1107 699 Martiali
1129 658 1269 698 ardore
1283 657 1445 712 repleti,
1459 670 1606 712 magno

384 716 556 755 clamore
576 716 760 755 dextram
782 728 919 755 omnes
943 714 1141 754 elevarent
1163 743 1175 762 ,
1195 715 1301 754 bono
1343 715 1605 768 procedentes

385 772 547 818 ordine,
577 772 690 825 gravi
710 784 756 810 ac
767 771 886 811 firmo
909 770 1043 824 patl'u,
1063 770 1167 810 reeta
1181 784 1264 824 quo
1276 770 1604 811 conducerentur,

386 830 440 869 At
464 829 647 881 quiajam
667 827 846 882 superius
861 827 912 867 de
922 828 1089 867 buccina
1099 826 1607 874 locutisumu5‚0stendam

385 885 554 924 formam
580 884 862 935 buccinarum(
882 897 980 937 quas
992 887 1144 940 Vegetius
1164 882 1214 923 fic
1234 883 1480 930 nominavit,
1503 883 1606 924 libro

384 941 454 980 suo
466 941 518 980 de
539 952 620 980 arte
636 939 839 994 Militari)
852 940 1045 981 lituorum
1058 968 1070 987 ,
1094 954 1138 981 ac
1149 939 1326 993 denique
1338 938 1523 980 tubarum
1535 950 1605 981 aut

385 1010 580 1037 cornuum
594 996 814 1036 Tubicines
827 996 962 1050 proelii
983 996 1138 1051 signum
1169 996 1317 1036 dabant
1339 1025 1348 1041 ,
1371 996 1444 1049 qui
1467 1009 1606 1036 omnes

383 1053 458 1093 suis
471 1052 698 1092 thoracibus
720 1063 830 1092 erant
841 1052 974 1092 induti
986 1081 999 1100 ‚
1021 1063 1230 1106 portantes
1243 1053 1440 1106 pugiones
1460 1052 1550 1092 suos
1562 1053 1603 1093 in

382 1109 502 1149 latere
515 1109 711 1154 dextro,&
725 1107 816 1149 loco
825 1107 1025 1163 galearum
1036 1108 1139 1162 gesta
1145 1109 1238 1149 bant
1248 1108 1415 1148 exuvias
1425 1107 1605 1149 leonino-

384 1180 470 1207 rum
484 1166 663 1219 capitum
674 1164 739 1205 vel
751 1165 915 1204 aliarum
933 1164 1140 1204 bestiarum
1151 1164 1342 1205 ferocium
1354 1163 1469 1218 super
1480 1165 1606 1219 pileos

201 1243 368 1268 Romanorum
388 1223 475 1264 suos
492 1222 637 1261 ferreos
653 1221 773 1275 (quae
786 1221 876 1261 illos
886 1221 1114 1276 grandiores
1125 1220 1460 1274 terribilioresque
1478 1221 1608 1262 inimi-

384 1280 438 1320 cis
451 1278 642 1318 redderem
655 1283 751 1326 Q&
771 1278 888 1318 tibias
909 1278 1033 1318 ocreis
1049 1277 1125 1318 suis
1147 1278 1308 1318 indutas
1328 1277 1540 1323 habebant,
1562 1277 1606 1318 fi-

387 1346 455 1377 cut
473 1334 614 1374 clarius
636 1335 770 1374 videre
782 1334 986 1388 possumus
1006 1335 1047 1374 in
1069 1333 1208 1389 figuris
1221 1366 1231 1380 ‚
1252 1334 1274 1374 e
1287 1347 1482 1377 marmore
1501 1334 1604 1377 anti-

387 1406 470 1448 quo
482 1390 664 1433 extmffis
675 1419 688 1438 ‚
716 1404 814 1445 quas
835 1390 901 1432 hic
915 1390 1082 1447 adjungi
1093 1392 1240 1434 curavi.

1499 2109 1607 2153 TU-
