1748 2459
371 107 1108 152 VETERvMROMAuossumi
1254 117 1333 159 259

164 204 447 249 FIGURA
477 202 876 246 EXTRACTA
909 203 932 243 ὲ
972 199 1259 245 MARMO-

423 276 466 309 νε
475 264 623 330 antiquo
634 261 733 329 quod
741 259 791 325 est
801 259 993 326 Ltgduni.

163 1347 317 1402 Capita
338 1346 538 1387 difforum
557 1347 739 1389 Boum&
770 1358 975 1387 taurorum
998 1346 1119 1387 etiam
1138 1343 1338 1399 insculpta
1361 1360 1499 1386 Taurorum

104 1417 214 1446 erant
225 1404 306 1444 istis
317 1404 576 1443 marmoribus
588 1404 733 1457 absque
743 1404 874 1449 discis,
888 1415 957 1443 aut
970 1402 1160 1443 foliorum
1176 1409 1214 1444 ἃ
1231 1401 1338 1442 fruc·
1358 1399 1451 1435 “Pi“-

103 1474 222 1503 tuum
233 1461 674 1508 ornamentis,habentia
687 1460 814 1500 solum
827 1461 929 1500 circa
939 1459 1256 1500 cornuaillorum
1269 1473 1335 1499 ro-

102 1520 200 1560 saria
214 1547 224 1564 ,
236 1517 381 1570 quibus
393 1518 570 1557 viventes
582 1516 938 1561 decoratifuerant,
970 1517 1161 1557 deorsum
1181 1517 1332 1570 depen-

104 1575 242 1616 dentia
261 1589 268 1612 :
297 1584 419 1627 prout
431 1573 544 1613 nobis
565 1573 807 1613 demonstrat
826 1587 999 1613 marmor
1008 1574 1219 1626 antiquum
1242 1574 1332 1612 Ro-

105 1646 196 1678 mae,
225 1629 291 1669 cui
302 1628 499 1682 insculpta
510 1629 599 1669 sunt
612 1630 796 1683 quaedam
814 1629 1018 1683 religionis
1029 1630 1205 1684 infignia.

156 1689 210 1728 Et
231 1685 331 1726 ficut
368 1686 502 1736 capita
526 1686 649 1726 boum
672 1686 754 1725 illic
775 1685 972 1725 collocata
983 1698 1114 1733 erant,
1141 1686 1190 1725 ad
1206 1685 1332 1740 pieta-

103 1755 189 1785 tem
215 1757 260 1783 ac
291 1741 524 1796 religionem
558 1742 903 1783 demonstrandam
933 1771 946 1789 ,
983 1756 1105 1795 quam
1135 1743 1331 1781 habebant

106 1803 213 1842 circa
234 1798 475 1839 ceremonias
497 1804 535 1841 &
558 1799 743 1839 sacrificia
753 1799 840 1845 sua5
860 1798 910 1838 fic
922 1800 1041 1839 etiam
1054 1799 1108 1838 ibi
1122 1799 1280 1853 depromi
1293 1803 1332 1838 &

107 1857 317 1909 exsculpta
340 1866 449 1894 erant
460 1857 593 1909 capita
612 1857 776 1900 ovium,
798 1866 841 1895 ut
860 1856 985 1896 vidtri
1000 1856 1206 1909 poffimtin
1223 1855 1331 1895 ἀίξὶο

107 1926 303 1957 marmore
323 1911 514 1963 antiquo,
536 1912 650 1966 equo
661 1911 892 1967 praesentem
910 1912 1080 1967 figuram
1100 1914 1250 1952 extrahi
1279 1909 1332 1950 fe-

107 1984 158 2010 ci.

1353 1843 1445 1872 ovium

1354 1890 1444 1918 capul-

735 2116 806 2157 Kk
840 2130 859 2156 2
1237 2119 1334 2161 CA-
