1748 2459
370 72 1104 115 VETERUMROMANORUM.
1320 77 1366 115 81

185 147 378 188 Vidimus
398 149 524 202 igitur
551 149 652 202 quid
672 149 781 189 dicat
805 148 977 201 Polybius,
1008 163 1052 188 ac
1084 145 1294 202 Jofi’phusde
1307 163 1365 188 ca-

128 203 236 251 stris,
262 210 299 245 &
331 205 542 259 disciplina
574 205 733 245 militari
768 206 1066 251 Romanorum3
1097 206 1167 257 qui
1199 203 1357 258 figuras,

128 273 226 312 quas
247 261 498 300 exhibuimus
523 290 535 308 ‚
565 275 639 315 pro
662 260 886 301 diversitate
905 261 1095 313 temporis
1119 261 1244 299 varias
1267 262 1352 300 recl-

127 317 240 356 dunt.
273 318 532 357 Revertemur
554 317 604 356 ad
618 316 866 371 propositum
885 316 936 355 de
958 330 1040 368 quo
1063 317 1343 358 recesseramus,

125 385 219 410 cum
241 372 445 413 Romanos
474 386 584 413 extra
606 373 725 412 castra
753 373 994 425 reliquimus.
1028 371 1164 411 Restat
1185 374 1343 412 ordines

123 427 387 467 describamus
415 440 633 468 turmarum
662 443 707 468 ac
737 429 959 468 cohortium
972 429 1150 474 siarum,
1179 430 1341 481 quando
1364 455 1442 482 Tim

124 483 164 522 in
190 496 381 537 promptu
402 485 521 524 essent
534 485 806 524 cuminimicis
817 485 899 523 acie
909 485 1127 523 decernere.
1142 484 1341 537 Et‚prout
1362 494 1460 523 Livius.

122 538 292 591 legimus
321 541 360 578 in
382 545 457 578 Tito
477 544 573 580 Livio
587 571 596 585 ,
626 540 900 594 cognoscimus
931 540 1043 593 quod
1054 539 1213 579 ordines
1235 554 1342 580 excr—
1362 564 1489 593 Exercitus

122 596 278 635 cituum
307 594 463 636 suorum
491 598 532 636 in
564 608 638 638 tres
668 607 814 636 turmas
843 597 1069 635 dividerent
1097 626 1106 640 ,
1136 597 1175 634 in
1200 597 1339 636 Hasta-
1361 605 1474 647 firmano,

122 660 184 689 tos
207 679 218 696 ,
248 648 476 705 Praecipuos
505 680 517 698 ,
546 666 591 691 ac
619 653 822 698 Triarios;
852 665 952 704 quos
982 652 1104 691 hodie
1136 665 1340 706 nuncupa-
1358 640 1514 676 rumdiwfio,

121 720 210 745 mus
240 709 466 747 Anteriores
486 735 499 754 ‚
529 707 711 754 Medios,
739 721 784 746 ac
808 707 1053 747 Posteriores.
1085 708 1220 747 Primo
1231 709 1340 747 ordi-

122 774 265 802 narunt
295 777 468 816 primum
501 763 672 804 frontem
712 763 970 803 Hastatorum
994 794 1003 808 ‚
1036 764 1106 816 qui
1137 776 1218 803 tam
1241 764 1339 803 bene

120 817 234 859 fimul
248 820 349 858 uniti
377 824 414 860 Sc
445 819 560 858 clausi
582 831 714 865 erant,
735 832 788 863 *ut
808 819 1076 872 saepenumero
1093 819 1169 858 illis
1182 824 1339 859 vincen-

120 874 184 919 di,
197 875 443 928 inimicisque
456 874 649 914 resistendi
661 875 832 928 potestas
843 877 946 915 esset.
976 875 1067 914 Post
1080 875 1267 914 Hastatos
1288 876 1339 915 se-
1359 878 1494 915 Principes,

118 930 574 984 quebanturPrincipes5
587 944 722 970 omnes
741 932 938 975 veterani,
953 931 1207 970 &exercitati
1227 932 1266 970 in
1279 946 1336 971 re-

120 985 192 1025 bus
205 986 354 1025 bellicis
368 1014 380 1032 ,
392 1000 564 1039 quorum
580 1000 722 1026 munus
743 999 824 1026 erat
853 987 990 1040 primis
1018 987 1167 1026 auxilio
1187 987 1314 1026 adess‘e
1325 1016 1337 1034 ‚

117 1040 145 1080 fi
167 1042 303 1081 inimci
321 1043 458 1082 cedere
470 1042 597 1082 coaffi
607 1040 775 1082 fuissent.
790 1043 879 1081 Hos
891 1043 1049 1081 ordines
1072 1043 1246 1081 Romani
1257 1057 1336 1083 non

116 1098 231 1150 aeque
252 1097 402 1137 clausos
431 1098 624 1137 habebant
651 1112 696 1137 ac
719 1101 864 1152 priores
886 1120 897 1145 3
928 1098 994 1138 sed
1022 1098 1144 1137 lineas
1160 1098 1182 1137 s
1180 1112 1242 1137 uas
1264 1098 1336 1138 lar-

117 1154 247 1207 giores
276 1154 534 1194 continebant
563 1182 576 1200 ‚
615 1165 660 1194 ut
690 1154 878 1194 Hastatos
902 1157 944 1195 in
976 1154 1011 1193 se
1032 1158 1275 1208 reciperent,
1307 1155 1335 1194 si

114 1209 316 1248 neceffitas
339 1224 405 1249 eos
434 1210 587 1264 regredi
618 1210 900 1264 constringeret
937 1212 1101 1251 Tertius
1122 1211 1224 1249 ordo
1253 1222 1334 1251 erat

116 1266 362 1306 Triariorum
380 1296 388 1306 ,
421 1268 492 1319 qui
513 1267 646 1320 gravia
658 1266 857 1320 gestarunt
875 1281 981 1308 arma
1002 1297 1012 1312 ,
1049 1266 1290 1322 clypeosque
1320 1295 1332 1315 ‚

114 1320 235 1360 lineas
257 1319 339 1361 suas
361 1332 441 1361 tam
462 1323 646 1362 habentes
670 1353 679 1367 ‚
708 1333 752 1362 ut
772 1321 888 1362 facile
911 1323 1098 1363 Hastatos
1119 1336 1163 1361 ac
1186 1323 1332 1362 Princi-

114 1390 184 1430 pes
206 1379 247 1417 in
278 1377 315 1417 se
344 1379 572 1431 reciperent.
604 1378 821 1431 Postquam
847 1393 904 1418 res
934 1379 986 1418 ad
1015 1379 1187 1418 Triarios
1207 1378 1330 1418 venis-

114 1433 194 1480 set,
224 1438 263 1474 &
284 1434 335 1473 de
363 1435 421 1473 his
441 1434 598 1474 duobus
617 1434 823 1474 ordinibus
835 1449 958 1475 unum
973 1449 1119 1488 corpus
1141 1433 1330 1481 fecissent,

114 1489 305 1542 prcelium
326 1490 377 1530 de
396 1504 502 1530 novo
521 1490 759 1530 inchoabant
776 1506 783 1530 :
815 1496 852 1531 ὃ(
868 1491 892 1530 fi
907 1490 1064 1531 fortuna
1085 1490 1205 1530 vellet
1215 1493 1331 1544 quod

114 1546 263 1585 Triarii
291 1546 411 1586 essent
431 1545 589 1600 dispersi
602 1574 612 1592 ,
636 1557 731 1586 tunc
751 1547 946 1586 restitutio
966 1561 1011 1586 ac
1024 1547 1194 1586 remedia
1206 1548 1332 1600 perie-

112 1612 221 1649 rant5
251 1601 414 1641 ultimus
436 1605 542 1642 enim
560 1613 641 1642 erat
662 1603 764 1642 ordo
784 1604 834 1641 ad
856 1617 976 1656 quem
1000 1602 1199 1656 refugium
1221 1603 1331 1643 dare-

115 1668 328 1710 tur:atque
348 1659 386 1697 in
401 1658 458 1697 his
470 1659 628 1698 herebat
648 1659 775 1698 omnis
788 1658 898 1698 valor
909 1660 1106 1700 exercitus
1117 1672 1131 1705 ·,
1160 1673 1251 1699 cum
1274 1661 1328 1698 ni-

113 1713 169 1752 hil
187 1713 296 1752 aliud
316 1714 565 1754 intenderent
579 1743 589 1760 ,
617 1714 736 1767 quam
766 1715 924 1755 vincere
943 1727 1011 1755 aut
1030 1715 1151 1755 mori:
1184 1716 1327 1756 &inde
1347 1758 1363 1778 ρ
1439 1752 1464 1780 b·

110 1771 221 1809 venit
240 1770 375 1821 quod,
403 1770 454 1809 ad
466 1770 646 1810 ultimam
657 1785 784 1810 rerum
798 1771 1108 1825 desperationem
1129 1800 1140 1817 ,
1160 1772 1329 1823 antiqui·
1346 1761 1505 1820 ,Zfffffflm'ss‘ss'

113 1837 178 1865 tus
203 1826 421 1872 diceretur,
452 1834 511 1866 Res
527 1828 570 1865 ad
583 1831 729 1866 Tnarios
740 1828 865 1878 redas,
893 1840 937 1868 ut
957 1828 1224 1868 ostenderetur
1245 1841 1323 1866 rem
1344 1830 1471 1872 '‘umde-

112 1882 186 1921 effe
207 1882 455 1934 deperditam
472 1912 484 1930 ,
512 1888 547 1923 &
569 1882 715 1936 absque
742 1884 927 1923 remedio.
959 1886 1042 1924 Hic
1066 1884 1207 1922 modus
1222 1897 1322 1922 rece-
1338 1866 1457 1936 {miuo-
1500 1899 1503 1902 ⁴

113 1938 258 1983 dendi,
287 1951 331 1977 ac
354 1950 412 1978 ter
434 1941 517 1978 acie
529 1939 766 1978 decernendi
788 1968 800 1986 ‚
827 1941 932 1993 quasi
964 1939 1201 1993 impossibile
1214 1940 1324 1978 vide-

111 2006 217 2035 retur
239 1995 356 2034 vinci.
404 1997 507 2035 Nam
538 2006 741 2050 oporteret
761 1995 960 2036 adversam
984 2009 1041 2036 ter
1060 1995 1232 2034 habuisse
1246 1995 1324 2035 for-

689 2060 717 2090 L
1163 2062 1300 2091 tunam
1315 2081 1326 2099 ,

1360 757 1464 794 Hastati.

1352 1318 1455 1349 Triarii.
