<?xml version="1.0" encoding="UTF-8"?>
<!DOCTYPE html PUBLIC "-//W3C//DTD XHTML 1.0 Transitional//EN"
    "http://www.w3.org/TR/xhtml1/DTD/xhtml1-transitional.dtd">
<html xmlns="http://www.w3.org/1999/xhtml" xml:lang="en" lang="en">
 <head>
  <title>
</title>
<meta http-equiv="Content-Type" content="text/html;charset=utf-8" />
  <meta name='ocr-system' content='tesseract 3.04.00' />
  <meta name='ocr-capabilities' content='ocr_page ocr_carea ocr_par ocr_line ocrx_word'/>
</head>
<body>
  <div class='ocr_page' id='page_1' title='image "./veterumromanorum00duch_0391.png"; bbox 0 0 1748 2459; ppageno 0'>
   <div class='ocr_carea' id='block_1_1' title="bbox 0 0 34 2230">
    <p class='ocr_par' dir='ltr' id='par_1_1' title="bbox 0 0 34 2230">
     <span class='ocr_line' id='line_1_1' title="bbox 0 0 34 2230; baseline 0 0"><span class='ocrx_word' id='word_1_1' title='bbox 0 0 34 2230; x_wconf 95' lang='lat' dir='ltr'> </span> 
     </span>
    </p>
   </div>
   <div class='ocr_carea' id='block_1_2' title="bbox 412 57 1364 119">
    <p class='ocr_par' dir='ltr' id='par_1_2' title="bbox 412 57 1364 119">
     <span class='ocr_line' id='line_1_2' title="bbox 412 57 1364 119; baseline -0.003 -16"><span class='ocrx_word' id='word_1_2' title='bbox 412 57 1126 103; x_wconf 75' lang='lat' dir='ltr'>VETERUMROMANORUM</span> <span class='ocrx_word' id='word_1_3' title='bbox 1315 78 1364 119; x_wconf 85' lang='lat'>73</span> 
     </span>
    </p>
   </div>
   <div class='ocr_carea' id='block_1_3' title="bbox 94 131 1536 1991">
    <p class='ocr_par' dir='ltr' id='par_1_3' title="bbox 127 131 1340 188">
     <span class='ocr_line' id='line_1_3' title="bbox 127 131 1340 188; baseline -0.002 -12"><span class='ocrx_word' id='word_1_4' title='bbox 127 136 241 178; x_wconf 89' lang='lat' dir='ltr'>bunis</span> <span class='ocrx_word' id='word_1_5' title='bbox 261 133 500 176; x_wconf 84' lang='lat' dir='ltr'>militaribus</span> <span class='ocrx_word' id='word_1_6' title='bbox 521 145 567 172; x_wconf 88' lang='lat' dir='ltr'>ac</span> <span class='ocrx_word' id='word_1_7' title='bbox 587 142 808 174; x_wconf 88' lang='lat' dir='ltr'>turmarum</span> <span class='ocrx_word' id='word_1_8' title='bbox 822 131 1036 178; x_wconf 62' lang='lat' dir='ltr'>Praefeihs,</span> <span class='ocrx_word' id='word_1_9' title='bbox 1055 134 1127 188; x_wconf 82' lang='lat' dir='ltr'>qui</span> <span class='ocrx_word' id='word_1_10' title='bbox 1157 133 1340 174; x_wconf 81' lang='lat' dir='ltr'>ordonna</span> 
     </span>
    </p>

    <p class='ocr_par' dir='ltr' id='par_1_4' title="bbox 127 189 1354 246">
     <span class='ocr_line' id='line_1_4' title="bbox 127 189 1354 246; baseline -0.003 -12"><span class='ocrx_word' id='word_1_11' title='bbox 127 194 221 234; x_wconf 88' lang='lat' dir='ltr'>bant</span> <span class='ocrx_word' id='word_1_12' title='bbox 236 191 553 246; x_wconf 81' lang='lat' dir='ltr'>judicabantque</span> <span class='ocrx_word' id='word_1_13' title='bbox 573 189 852 243; x_wconf 85' lang='lat' dir='ltr'>questionesin</span> <span class='ocrx_word' id='word_1_14' title='bbox 874 192 1055 231; x_wconf 82' lang='lat' dir='ltr'>exercitu</span> <span class='ocrx_word' id='word_1_15' title='bbox 1075 191 1354 245; x_wconf 76' lang='lat' dir='ltr'>supervenien&#39;</span> 
     </span>
    </p>

    <p class='ocr_par' dir='ltr' id='par_1_5' title="bbox 123 245 1352 357">
     <span class='ocr_line' id='line_1_5' title="bbox 123 245 1352 302; baseline -0.004 -11"><span class='ocrx_word' id='word_1_16' title='bbox 123 262 194 291; x_wconf 85' lang='lat' dir='ltr'>tes.</span> <span class='ocrx_word' id='word_1_17' title='bbox 224 252 361 302; x_wconf 83' lang='lat' dir='ltr'>Atque</span> <span class='ocrx_word' id='word_1_18' title='bbox 381 246 444 286; x_wconf 83' lang='lat' dir='ltr'>hic</span> <span class='ocrx_word' id='word_1_19' title='bbox 457 246 652 286; x_wconf 87' lang='lat' dir='ltr'>exercitus</span> <span class='ocrx_word' id='word_1_20' title='bbox 674 245 725 286; x_wconf 88' lang='lat' dir='ltr'>fic</span> <span class='ocrx_word' id='word_1_21' title='bbox 745 247 992 287; x_wconf 82' lang='lat' dir='ltr'>coadunatus</span> <span class='ocrx_word' id='word_1_22' title='bbox 1003 247 1259 300; x_wconf 83' lang='lat' dir='ltr'>munitusque</span> <span class='ocrx_word' id='word_1_23' title='bbox 1283 261 1352 300; x_wconf 84' lang='lat' dir='ltr'>per</span> 
     </span>
     <span class='ocr_line' id='line_1_6' title="bbox 124 302 1349 357; baseline -0.002 -10"><span class='ocrx_word' id='word_1_24' title='bbox 124 305 357 347; x_wconf 78' lang='lat' dir='ltr'>industriam</span> <span class='ocrx_word' id='word_1_25' title='bbox 380 308 418 345; x_wconf 87' lang='lat'>&amp;</span> <span class='ocrx_word' id='word_1_26' title='bbox 441 302 617 343; x_wconf 81' lang='lat' dir='ltr'>laborem</span> <span class='ocrx_word' id='word_1_27' title='bbox 637 315 775 344; x_wconf 89' lang='lat' dir='ltr'>eorum</span> <span class='ocrx_word' id='word_1_28' title='bbox 808 302 954 357; x_wconf 86' lang='lat' dir='ltr'>quibus</span> <span class='ocrx_word' id='word_1_29' title='bbox 973 304 1016 343; x_wconf 87' lang='lat' dir='ltr'>id</span> <span class='ocrx_word' id='word_1_30' title='bbox 1040 305 1211 343; x_wconf 78' lang='lat' dir='ltr'>muneris</span> <span class='ocrx_word' id='word_1_31' title='bbox 1233 305 1349 351; x_wconf 73' lang='lat' dir='ltr'>estet,</span> 
     </span>
    </p>

    <p class='ocr_par' dir='ltr' id='par_1_6' title="bbox 124 358 1511 530">
     <span class='ocr_line' id='line_1_7' title="bbox 125 358 1350 415; baseline -0.004 -11"><span class='ocrx_word' id='word_1_32' title='bbox 125 363 189 404; x_wconf 87' lang='lat' dir='ltr'>vel</span> <span class='ocrx_word' id='word_1_33' title='bbox 202 360 400 415; x_wconf 84' lang='lat' dir='ltr'>majorvel</span> <span class='ocrx_word' id='word_1_34' title='bbox 423 360 578 406; x_wconf 77' lang='lat' dir='ltr'>minor,</span> <span class='ocrx_word' id='word_1_35' title='bbox 599 359 817 399; x_wconf 89' lang='lat' dir='ltr'>secundum</span> <span class='ocrx_word' id='word_1_36' title='bbox 848 359 930 399; x_wconf 88' lang='lat' dir='ltr'>loci</span> <span class='ocrx_word' id='word_1_37' title='bbox 951 359 1068 400; x_wconf 84' lang='lat' dir='ltr'>situm</span> <span class='ocrx_word' id='word_1_38' title='bbox 1100 365 1138 401; x_wconf 82' lang='lat'>&amp;</span> <span class='ocrx_word' id='word_1_39' title='bbox 1170 358 1350 400; x_wconf 65' lang='lat' dir='ltr'>Prcefeffi</span> 
     </span>
     <span class='ocr_line' id='line_1_8' title="bbox 125 402 1511 477; baseline -0.001 -18"><span class='ocrx_word' id='word_1_40' title='bbox 125 419 341 459; x_wconf 86' lang='lat' dir='ltr'>castrorum</span> <span class='ocrx_word' id='word_1_41' title='bbox 369 416 576 462; x_wconf 82' lang='lat' dir='ltr'>ordinem,</span> <span class='ocrx_word' id='word_1_42' title='bbox 598 417 710 456; x_wconf 74' lang='lat' dir='ltr'>tanta</span> <span class='ocrx_word' id='word_1_43' title='bbox 730 415 936 456; x_wconf 83' lang='lat' dir='ltr'>securitate</span> <span class='ocrx_word' id='word_1_44' title='bbox 956 416 1038 456; x_wconf 85' lang='lat' dir='ltr'>illic</span> <span class='ocrx_word' id='word_1_45' title='bbox 1053 416 1269 462; x_wconf 84' lang='lat' dir='ltr'>insidebat,</span> <span class='ocrx_word' id='word_1_46' title='bbox 1307 429 1350 457; x_wconf 87' lang='lat' dir='ltr'>ut</span> <span class='ocrx_word' id='word_1_47' title='bbox 1373 402 1511 477; x_wconf 49' lang='lat' dir='ltr'>5273}ssss</span> 
     </span>
     <span class='ocr_line' id='line_1_9' title="bbox 124 472 1354 530; baseline -0.002 -15"><span class='ocrx_word' id='word_1_48' title='bbox 124 476 290 530; x_wconf 79' lang='lat' dir='ltr'>quando</span> <span class='ocrx_word' id='word_1_49' title='bbox 310 486 440 513; x_wconf 82' lang='lat' dir='ltr'>motus</span> <span class='ocrx_word' id='word_1_50' title='bbox 457 472 794 525; x_wconf 89' lang='lat' dir='ltr'>aliquiarmorum</span> <span class='ocrx_word' id='word_1_51' title='bbox 805 472 1099 526; x_wconf 77' lang='lat' dir='ltr'>supervenirent</span> <span class='ocrx_word' id='word_1_52' title='bbox 1110 474 1181 526; x_wconf 84' lang='lat' dir='ltr'>qui</span> <span class='ocrx_word' id='word_1_53' title='bbox 1194 472 1283 512; x_wconf 86' lang='lat' dir='ltr'>illos</span> <span class='ocrx_word' id='word_1_54' title='bbox 1296 487 1354 512; x_wconf 85' lang='lat' dir='ltr'>m-</span> 
     </span>
    </p>

    <p class='ocr_par' dir='ltr' id='par_1_7' title="bbox 119 520 1536 809">
     <span class='ocr_line' id='line_1_10' title="bbox 123 520 1536 588; baseline -0.001 -16"><span class='ocrx_word' id='word_1_55' title='bbox 123 534 199 572; x_wconf 86' lang='lat' dir='ltr'>mis</span> <span class='ocrx_word' id='word_1_56' title='bbox 213 532 343 572; x_wconf 90' lang='lat' dir='ltr'>subito</span> <span class='ocrx_word' id='word_1_57' title='bbox 355 529 677 582; x_wconf 72' lang='lat' dir='ltr'>constringerent,</span> <span class='ocrx_word' id='word_1_58' title='bbox 688 528 828 583; x_wconf 82' lang='lat' dir='ltr'>saepius</span> <span class='ocrx_word' id='word_1_59' title='bbox 847 527 883 568; x_wconf 90' lang='lat' dir='ltr'>se</span> <span class='ocrx_word' id='word_1_60' title='bbox 903 529 999 569; x_wconf 81' lang='lat' dir='ltr'>foffa</span> <span class='ocrx_word' id='word_1_61' title='bbox 1011 536 1184 569; x_wconf 75' lang='lat' dir='ltr'>extroriu</span> <span class='ocrx_word' id='word_1_62' title='bbox 1192 543 1228 570; x_wconf 87' lang='lat' dir='ltr'>m</span> <span class='ocrx_word' id='word_1_63' title='bbox 1242 544 1349 571; x_wconf 84' lang='lat' dir='ltr'>com-</span> <span class='ocrx_word' id='word_1_64' title='bbox 1369 520 1438 586; x_wconf 48' lang='grc' dir='ltr'>ἵζ’</span> <span class='ocrx_word' id='word_1_65' title='bbox 1447 520 1536 588; x_wconf 53' lang='grc' dir='ltr'>Ζζῗζζζ</span> 
     </span>
     <span class='ocr_line' id='line_1_11' title="bbox 121 569 1455 640; baseline -0.001 -14"><span class='ocrx_word' id='word_1_66' title='bbox 121 589 320 629; x_wconf 74' lang='lat' dir='ltr'>munirent</span> <span class='ocrx_word' id='word_1_67' title='bbox 331 598 504 640; x_wconf 85' lang='lat' dir='ltr'>quatuor</span> <span class='ocrx_word' id='word_1_68' title='bbox 515 585 645 625; x_wconf 75' lang='lat' dir='ltr'>cibitis</span> <span class='ocrx_word' id='word_1_69' title='bbox 658 585 922 639; x_wconf 50' lang='lat' dir='ltr'>profundiuac</span> <span class='ocrx_word' id='word_1_70' title='bbox 935 585 1104 626; x_wconf 73' lang='lat' dir='ltr'>totidem</span> <span class='ocrx_word' id='word_1_71' title='bbox 1118 585 1208 628; x_wconf 72' lang='lat' dir='ltr'>lata.</span> <span class='ocrx_word' id='word_1_72' title='bbox 1218 587 1348 639; x_wconf 81' lang='lat' dir='ltr'>Atque</span> <span class='ocrx_word' id='word_1_73' title='bbox 1369 569 1455 624; x_wconf 54' lang='lat' dir='ltr'>‘nnis</span> 
     </span>
     <span class='ocr_line' id='line_1_12' title="bbox 119 637 1495 687; baseline -0.003 -3"><span class='ocrx_word' id='word_1_74' title='bbox 119 644 170 684; x_wconf 86' lang='lat' dir='ltr'>sic</span> <span class='ocrx_word' id='word_1_75' title='bbox 192 646 309 683; x_wconf 84' lang='lat' dir='ltr'>armis</span> <span class='ocrx_word' id='word_1_76' title='bbox 325 648 363 684; x_wconf 84' lang='lat'>&amp;</span> <span class='ocrx_word' id='word_1_77' title='bbox 376 642 602 681; x_wconf 84' lang='lat' dir='ltr'>hominibus</span> <span class='ocrx_word' id='word_1_78' title='bbox 628 641 749 681; x_wconf 70' lang='lat' dir='ltr'>cmffi</span> <span class='ocrx_word' id='word_1_79' title='bbox 764 670 773 687; x_wconf 95' lang='lat'><em>‚</em></span> <span class='ocrx_word' id='word_1_80' title='bbox 785 656 876 681; x_wconf 89' lang='lat' dir='ltr'>cum</span> <span class='ocrx_word' id='word_1_81' title='bbox 891 644 1002 682; x_wconf 88' lang='lat' dir='ltr'>omni</span> <span class='ocrx_word' id='word_1_82' title='bbox 1016 643 1222 682; x_wconf 68' lang='lat' dir='ltr'>securitate</span> <span class='ocrx_word' id='word_1_83' title='bbox 1236 656 1344 681; x_wconf 77' lang='lat' dir='ltr'>con]-</span> <span class='ocrx_word' id='word_1_84' title='bbox 1364 637 1495 673; x_wconf 59' lang='lat' dir='ltr'>Wf‘ffld‘·</span> 
     </span>
     <span class='ocr_line' id='line_1_13' title="bbox 121 698 1345 745; baseline -0.003 -4"><span class='ocrx_word' id='word_1_85' title='bbox 121 704 262 742; x_wconf 65' lang='lat' dir='ltr'>moetas</span> <span class='ocrx_word' id='word_1_86' title='bbox 284 701 386 738; x_wconf 76' lang='lat' dir='ltr'>sedes</span> <span class='ocrx_word' id='word_1_87' title='bbox 404 698 798 745; x_wconf 81' lang='lat' dir='ltr'>habebant‚con1ili0</span> <span class='ocrx_word' id='word_1_88' title='bbox 819 712 876 738; x_wconf 83' lang='lat' dir='ltr'>res</span> <span class='ocrx_word' id='word_1_89' title='bbox 897 699 980 738; x_wconf 80' lang='lat' dir='ltr'>suas</span> <span class='ocrx_word' id='word_1_90' title='bbox 994 700 1226 738; x_wconf 62' lang='lat' dir='ltr'>executioni</span> <span class='ocrx_word' id='word_1_91' title='bbox 1240 713 1310 737; x_wconf 64' lang='lat' dir='ltr'>mai</span> <span class='ocrx_word' id='word_1_92' title='bbox 1330 724 1345 731; x_wconf 92' lang='lat'>-</span> 
     </span>
     <span class='ocr_line' id='line_1_14' title="bbox 120 754 1342 809; baseline -0.001 -13"><span class='ocrx_word' id='word_1_93' title='bbox 120 757 259 796; x_wconf 87' lang='lat' dir='ltr'>dantes</span> <span class='ocrx_word' id='word_1_94' title='bbox 272 785 283 803; x_wconf 82' lang='lat'>,</span> <span class='ocrx_word' id='word_1_95' title='bbox 295 756 372 795; x_wconf 76' lang='lat' dir='ltr'>five</span> <span class='ocrx_word' id='word_1_96' title='bbox 392 766 598 808; x_wconf 87' lang='lat' dir='ltr'>quererent</span> <span class='ocrx_word' id='word_1_97' title='bbox 611 768 731 807; x_wconf 84' lang='lat' dir='ltr'>aquas</span> <span class='ocrx_word' id='word_1_98' title='bbox 745 782 756 801; x_wconf 90' lang='lat'>‚</span> <span class='ocrx_word' id='word_1_99' title='bbox 778 754 884 809; x_wconf 76' lang='lat' dir='ltr'>ligna</span> <span class='ocrx_word' id='word_1_100' title='bbox 898 755 976 802; x_wconf 79' lang='lat' dir='ltr'>‚vel</span> <span class='ocrx_word' id='word_1_101' title='bbox 988 754 1206 802; x_wconf 83' lang='lat' dir='ltr'>frumenta,</span> <span class='ocrx_word' id='word_1_102' title='bbox 1221 767 1342 808; x_wconf 76' lang='lat' dir='ltr'>atque</span> 
     </span>
    </p>

    <p class='ocr_par' dir='ltr' id='par_1_8' title="bbox 117 811 1338 920">
     <span class='ocr_line' id='line_1_15' title="bbox 119 811 1335 865; baseline 0 -13"><span class='ocrx_word' id='word_1_103' title='bbox 119 815 193 852; x_wconf 82' lang='lat' dir='ltr'>alia</span> <span class='ocrx_word' id='word_1_104' title='bbox 212 813 419 852; x_wconf 69' lang='lat' dir='ltr'>nccess‘aria</span> <span class='ocrx_word' id='word_1_105' title='bbox 432 842 441 857; x_wconf 95' lang='lat'>,</span> <span class='ocrx_word' id='word_1_106' title='bbox 460 811 605 864; x_wconf 81' lang='lat' dir='ltr'>quibus</span> <span class='ocrx_word' id='word_1_107' title='bbox 628 811 905 865; x_wconf 79' lang='lat' dir='ltr'>illosindigere</span> <span class='ocrx_word' id='word_1_108' title='bbox 920 813 1181 865; x_wconf 78' lang='lat' dir='ltr'>contingeret.</span> <span class='ocrx_word' id='word_1_109' title='bbox 1208 814 1284 851; x_wconf 64' lang='lat' dir='ltr'>Sed</span> <span class='ocrx_word' id='word_1_110' title='bbox 1298 818 1335 853; x_wconf 59' lang='lat' dir='ltr'>S&lt;</span> 
     </span>
     <span class='ocr_line' id='line_1_16' title="bbox 117 867 1338 920; baseline -0.003 -10"><span class='ocrx_word' id='word_1_111' title='bbox 117 870 284 910; x_wconf 88' lang='lat' dir='ltr'>liberum</span> <span class='ocrx_word' id='word_1_112' title='bbox 308 883 386 908; x_wconf 90' lang='lat' dir='ltr'>non</span> <span class='ocrx_word' id='word_1_113' title='bbox 411 879 493 907; x_wconf 85' lang='lat' dir='ltr'>erat</span> <span class='ocrx_word' id='word_1_114' title='bbox 506 867 723 920; x_wconf 86' lang='lat' dir='ltr'>unicuique</span> <span class='ocrx_word' id='word_1_115' title='bbox 743 868 954 920; x_wconf 84' lang='lat' dir='ltr'>prandium</span> <span class='ocrx_word' id='word_1_116' title='bbox 986 867 1135 907; x_wconf 82' lang='lat' dir='ltr'>sumere</span> <span class='ocrx_word' id='word_1_117' title='bbox 1167 867 1229 907; x_wconf 79' lang='lat' dir='ltr'>vel</span> <span class='ocrx_word' id='word_1_118' title='bbox 1259 882 1338 907; x_wconf 76' lang='lat' dir='ltr'>coc·</span> 
     </span>
    </p>

    <p class='ocr_par' dir='ltr' id='par_1_9' title="bbox 114 923 1336 1035">
     <span class='ocr_line' id='line_1_17' title="bbox 117 923 1336 977; baseline -0.002 -11"><span class='ocrx_word' id='word_1_119' title='bbox 117 941 208 966; x_wconf 82' lang='lat' dir='ltr'>nare</span> <span class='ocrx_word' id='word_1_120' title='bbox 231 940 322 965; x_wconf 90' lang='lat' dir='ltr'>cum</span> <span class='ocrx_word' id='word_1_121' title='bbox 345 923 618 963; x_wconf 84' lang='lat' dir='ltr'>allubesceret:</span> <span class='ocrx_word' id='word_1_122' title='bbox 650 925 787 963; x_wconf 78' lang='lat' dir='ltr'>verum</span> <span class='ocrx_word' id='word_1_123' title='bbox 799 924 988 976; x_wconf 86' lang='lat' dir='ltr'>equidem</span> <span class='ocrx_word' id='word_1_124' title='bbox 1000 924 1196 971; x_wconf 61' lang='lat' dir='ltr'>dormires.</span> <span class='ocrx_word' id='word_1_125' title='bbox 1222 924 1336 977; x_wconf 77' lang='lat' dir='ltr'>quod</span> 
     </span>
     <span class='ocr_line' id='line_1_18' title="bbox 114 979 1335 1035; baseline -0.002 -13"><span class='ocrx_word' id='word_1_126' title='bbox 114 983 297 1023; x_wconf 87' lang='lat' dir='ltr'>omnibus</span> <span class='ocrx_word' id='word_1_127' title='bbox 320 979 549 1035; x_wconf 85' lang='lat' dir='ltr'>permissum</span> <span class='ocrx_word' id='word_1_128' title='bbox 567 991 648 1019; x_wconf 86' lang='lat' dir='ltr'>erat</span> <span class='ocrx_word' id='word_1_129' title='bbox 661 1008 672 1026; x_wconf 90' lang='lat'>‚</span> <span class='ocrx_word' id='word_1_130' title='bbox 692 980 743 1019; x_wconf 85' lang='lat' dir='ltr'>ad</span> <span class='ocrx_word' id='word_1_131' title='bbox 763 980 867 1020; x_wconf 84' lang='lat' dir='ltr'>tubae</span> <span class='ocrx_word' id='word_1_132' title='bbox 879 979 1051 1020; x_wconf 89' lang='lat' dir='ltr'>sonitum</span> <span class='ocrx_word' id='word_1_133' title='bbox 1063 1009 1074 1027; x_wconf 87' lang='lat'><strong><em>,</em></strong></span> <span class='ocrx_word' id='word_1_134' title='bbox 1094 980 1335 1020; x_wconf 74' lang='lat' dir='ltr'>fimulacex·</span> 
     </span>
    </p>

    <p class='ocr_par' dir='ltr' id='par_1_10' title="bbox 113 1035 1333 1091">
     <span class='ocr_line' id='line_1_19' title="bbox 113 1035 1333 1091; baseline -0.002 -13"><span class='ocrx_word' id='word_1_135' title='bbox 113 1039 239 1079; x_wconf 83' lang='lat' dir='ltr'>cubiae</span> <span class='ocrx_word' id='word_1_136' title='bbox 260 1039 396 1077; x_wconf 90' lang='lat' dir='ltr'>locum</span> <span class='ocrx_word' id='word_1_137' title='bbox 415 1035 682 1091; x_wconf 72' lang='lat' dir='ltr'>occupass&#39;ent.</span> <span class='ocrx_word' id='word_1_138' title='bbox 695 1035 814 1076; x_wconf 86' lang='lat' dir='ltr'>Nihil</span> <span class='ocrx_word' id='word_1_139' title='bbox 825 1037 930 1076; x_wconf 87' lang='lat' dir='ltr'>enim</span> <span class='ocrx_word' id='word_1_140' title='bbox 951 1037 1032 1076; x_wconf 86' lang='lat' dir='ltr'>illic</span> <span class='ocrx_word' id='word_1_141' title='bbox 1047 1036 1165 1077; x_wconf 73' lang='lat' dir='ltr'>fiebat</span> <span class='ocrx_word' id='word_1_142' title='bbox 1188 1036 1333 1090; x_wconf 80' lang='lat' dir='ltr'>absque</span> 
     </span>
    </p>

    <p class='ocr_par' dir='ltr' id='par_1_11' title="bbox 112 1092 1330 1148">
     <span class='ocr_line' id='line_1_20' title="bbox 112 1092 1330 1148; baseline -0.002 -13"><span class='ocrx_word' id='word_1_143' title='bbox 112 1095 244 1135; x_wconf 62' lang='lat' dir='ltr'>edifito</span> <span class='ocrx_word' id='word_1_144' title='bbox 265 1105 334 1135; x_wconf 86' lang='lat' dir='ltr'>aut</span> <span class='ocrx_word' id='word_1_145' title='bbox 346 1093 546 1136; x_wconf 79' lang='lat' dir='ltr'>mandato.</span> <span class='ocrx_word' id='word_1_146' title='bbox 571 1093 778 1133; x_wconf 78' lang='lat' dir='ltr'>Matutino</span> <span class='ocrx_word' id='word_1_147' title='bbox 799 1103 1003 1148; x_wconf 84' lang='lat' dir='ltr'>tempore,</span> <span class='ocrx_word' id='word_1_148' title='bbox 1025 1092 1169 1133; x_wconf 77' lang='lat' dir='ltr'>milites</span> <span class='ocrx_word' id='word_1_149' title='bbox 1192 1093 1330 1133; x_wconf 81' lang='lat' dir='ltr'>saluta-</span> 
     </span>
    </p>

    <p class='ocr_par' dir='ltr' id='par_1_12' title="bbox 112 1148 1327 1197">
     <span class='ocr_line' id='line_1_21' title="bbox 112 1148 1327 1197; baseline -0.001 -5"><span class='ocrx_word' id='word_1_150' title='bbox 112 1164 196 1193; x_wconf 88' lang='lat' dir='ltr'>tum</span> <span class='ocrx_word' id='word_1_151' title='bbox 209 1152 319 1191; x_wconf 82' lang='lat' dir='ltr'>ibant</span> <span class='ocrx_word' id='word_1_152' title='bbox 340 1150 606 1191; x_wconf 86' lang='lat' dir='ltr'>Centuriones</span> <span class='ocrx_word' id='word_1_153' title='bbox 627 1148 716 1188; x_wconf 87' lang='lat' dir='ltr'>suos</span> <span class='ocrx_word' id='word_1_154' title='bbox 732 1177 743 1196; x_wconf 89' lang='lat'>,</span> <span class='ocrx_word' id='word_1_155' title='bbox 759 1149 1327 1197; x_wconf 63' lang='lat' dir='ltr'>CentenarfiPraefeetos3c11m</span> 
     </span>
    </p>

    <p class='ocr_par' dir='ltr' id='par_1_13' title="bbox 95 1205 1503 1825">
     <span class='ocr_line' id='line_1_22' title="bbox 109 1205 1498 1264; baseline -0.001 -16"><span class='ocrx_word' id='word_1_156' title='bbox 109 1209 254 1262; x_wconf 88' lang='lat' dir='ltr'>quibus</span> <span class='ocrx_word' id='word_1_157' title='bbox 274 1206 463 1247; x_wconf 88' lang='lat' dir='ltr'>omnibus</span> <span class='ocrx_word' id='word_1_158' title='bbox 484 1206 657 1247; x_wconf 84' lang='lat' dir='ltr'>Tribuni</span> <span class='ocrx_word' id='word_1_159' title='bbox 671 1205 844 1246; x_wconf 82' lang='lat' dir='ltr'>mihtum</span> <span class='ocrx_word' id='word_1_160' title='bbox 865 1205 902 1246; x_wconf 88' lang='lat' dir='ltr'>se</span> <span class='ocrx_word' id='word_1_161' title='bbox 920 1205 1176 1248; x_wconf 78' lang='lat' dir='ltr'>conferebant</span> <span class='ocrx_word' id='word_1_162' title='bbox 1197 1207 1328 1247; x_wconf 83' lang='lat' dir='ltr'>versus</span> <span class='ocrx_word' id='word_1_163' title='bbox 1347 1232 1498 1264; x_wconf 41' lang='lat' dir='ltr'>,mmm-</span> 
     </span>
     <span class='ocr_line' id='line_1_23' title="bbox 109 1261 1479 1320; baseline -0.001 -14"><span class='ocrx_word' id='word_1_164' title='bbox 109 1266 398 1320; x_wconf 82' lang='lat' dir='ltr'>Imperatorem</span> <span class='ocrx_word' id='word_1_165' title='bbox 418 1263 617 1303; x_wconf 81' lang='lat' dir='ltr'>exercitus</span> <span class='ocrx_word' id='word_1_166' title='bbox 631 1291 643 1310; x_wconf 87' lang='lat'>‚</span> <span class='ocrx_word' id='word_1_167' title='bbox 663 1274 784 1315; x_wconf 87' lang='lat' dir='ltr'>atque</span> <span class='ocrx_word' id='word_1_168' title='bbox 805 1276 876 1317; x_wconf 88' lang='lat' dir='ltr'>per</span> <span class='ocrx_word' id='word_1_169' title='bbox 893 1263 1008 1303; x_wconf 88' lang='lat' dir='ltr'>illum</span> <span class='ocrx_word' id='word_1_170' title='bbox 1020 1263 1188 1304; x_wconf 82' lang='lat' dir='ltr'>dabatur</span> <span class='ocrx_word' id='word_1_171' title='bbox 1207 1278 1325 1303; x_wconf 77' lang='lat' dir='ltr'>excu-</span> <span class='ocrx_word' id='word_1_172' title='bbox 1344 1261 1479 1305; x_wconf 56' lang='lat' dir='ltr'>cumarum}</span> 
     </span>
     <span class='ocr_line' id='line_1_24' title="bbox 105 1318 1322 1366; baseline -0.001 -5"><span class='ocrx_word' id='word_1_173' title='bbox 105 1321 258 1361; x_wconf 82' lang='lat' dir='ltr'>biarum</span> <span class='ocrx_word' id='word_1_174' title='bbox 270 1320 451 1363; x_wconf 81' lang='lat' dir='ltr'>verbum.</span> <span class='ocrx_word' id='word_1_175' title='bbox 481 1319 630 1359; x_wconf 70' lang='lat' dir='ltr'>velalia</span> <span class='ocrx_word' id='word_1_176' title='bbox 649 1319 857 1366; x_wconf 82' lang='lat' dir='ltr'>mandata,</span> <span class='ocrx_word' id='word_1_177' title='bbox 886 1318 972 1360; x_wconf 88' lang='lat' dir='ltr'>fieri</span> <span class='ocrx_word' id='word_1_178' title='bbox 1004 1320 1191 1360; x_wconf 83' lang='lat' dir='ltr'>consueta</span> <span class='ocrx_word' id='word_1_179' title='bbox 1221 1322 1322 1360; x_wconf 83' lang='lat' dir='ltr'>inter</span> 
     </span>
     <span class='ocr_line' id='line_1_25' title="bbox 104 1375 1321 1432; baseline -0.002 -14"><span class='ocrx_word' id='word_1_180' title='bbox 104 1377 272 1424; x_wconf 83' lang='lat' dir='ltr'>milites,</span> <span class='ocrx_word' id='word_1_181' title='bbox 295 1381 554 1432; x_wconf 85' lang='lat' dir='ltr'>promptos&amp;</span> <span class='ocrx_word' id='word_1_182' title='bbox 575 1375 719 1415; x_wconf 86' lang='lat' dir='ltr'>alacres</span> <span class='ocrx_word' id='word_1_183' title='bbox 740 1376 791 1416; x_wconf 87' lang='lat' dir='ltr'>ad</span> <span class='ocrx_word' id='word_1_184' title='bbox 813 1376 849 1416; x_wconf 91' lang='lat' dir='ltr'>se</span> <span class='ocrx_word' id='word_1_185' title='bbox 871 1375 1079 1416; x_wconf 82' lang='lat' dir='ltr'>sistendum</span> <span class='ocrx_word' id='word_1_186' title='bbox 1105 1389 1173 1416; x_wconf 86' lang='lat' dir='ltr'>aut</span> <span class='ocrx_word' id='word_1_187' title='bbox 1203 1377 1321 1416; x_wconf 86' lang='lat' dir='ltr'>dimi-</span> 
     </span>
     <span class='ocr_line' id='line_1_26' title="bbox 103 1431 1387 1487; baseline -0.002 -13"><span class='ocrx_word' id='word_1_188' title='bbox 103 1435 289 1478; x_wconf 75' lang='lat' dir='ltr'>candum,</span> <span class='ocrx_word' id='word_1_189' title='bbox 310 1433 386 1473; x_wconf 90' lang='lat' dir='ltr'>Sed</span> <span class='ocrx_word' id='word_1_190' title='bbox 409 1433 573 1487; x_wconf 89' lang='lat' dir='ltr'>quando</span> <span class='ocrx_word' id='word_1_191' title='bbox 595 1432 680 1471; x_wconf 79' lang='lat' dir='ltr'>vasa</span> <span class='ocrx_word' id='word_1_192' title='bbox 692 1431 812 1472; x_wconf 76' lang='lat' dir='ltr'>essent</span> <span class='ocrx_word' id='word_1_193' title='bbox 823 1433 1109 1472; x_wconf 82' lang='lat' dir='ltr'>conclamanda</span> <span class='ocrx_word' id='word_1_194' title='bbox 1124 1434 1321 1477; x_wconf 76' lang='lat' dir='ltr'>,buccinae</span> <span class='ocrx_word' id='word_1_195' title='bbox 1383 1482 1387 1484; x_wconf 13' lang='lat' dir='ltr'>Y</span> 
     </span>
     <span class='ocr_line' id='line_1_27' title="bbox 100 1479 1503 1552; baseline -0.004 -21"><span class='ocrx_word' id='word_1_196' title='bbox 100 1491 252 1531; x_wconf 85' lang='lat' dir='ltr'>sonitus</span> <span class='ocrx_word' id='word_1_197' title='bbox 274 1490 404 1530; x_wconf 86' lang='lat' dir='ltr'>audiri</span> <span class='ocrx_word' id='word_1_198' title='bbox 415 1490 567 1543; x_wconf 80' lang='lat' dir='ltr'>coepit,</span> <span class='ocrx_word' id='word_1_199' title='bbox 587 1502 632 1527; x_wconf 87' lang='lat' dir='ltr'>ac</span> <span class='ocrx_word' id='word_1_200' title='bbox 654 1488 809 1543; x_wconf 82' lang='lat' dir='ltr'>signum</span> <span class='ocrx_word' id='word_1_201' title='bbox 825 1489 931 1536; x_wconf 85' lang='lat' dir='ltr'>dari,</span> <span class='ocrx_word' id='word_1_202' title='bbox 944 1489 1058 1542; x_wconf 88' lang='lat' dir='ltr'>quod</span> <span class='ocrx_word' id='word_1_203' title='bbox 1080 1490 1222 1529; x_wconf 61' lang='lat' dir='ltr'>cuneta</span> <span class='ocrx_word' id='word_1_204' title='bbox 1243 1489 1322 1529; x_wconf 87' lang='lat' dir='ltr'>col·</span> <span class='ocrx_word' id='word_1_205' title='bbox 1340 1479 1503 1552; x_wconf 44' lang='lat' dir='ltr'>{Ll&#39;ae’Jssjms</span> 
     </span>
     <span class='ocr_line' id='line_1_28' title="bbox 99 1538 1483 1602; baseline -0.002 -15"><span class='ocrx_word' id='word_1_206' title='bbox 99 1548 275 1602; x_wconf 86' lang='lat' dir='ltr'>ligerent.</span> <span class='ocrx_word' id='word_1_207' title='bbox 306 1547 428 1586; x_wconf 87' lang='lat' dir='ltr'>Tunc</span> <span class='ocrx_word' id='word_1_208' title='bbox 451 1557 621 1585; x_wconf 78' lang='lat' dir='ltr'>tentorla</span> <span class='ocrx_word' id='word_1_209' title='bbox 642 1545 925 1593; x_wconf 85' lang='lat' dir='ltr'>detrahebant,</span> <span class='ocrx_word' id='word_1_210' title='bbox 946 1546 1319 1599; x_wconf 69' lang='lat' dir='ltr'>impedimentaque</span> <span class='ocrx_word' id='word_1_211' title='bbox 1471 1538 1483 1545; x_wconf 65' lang='grc'>”</span> 
     </span>
     <span class='ocr_line' id='line_1_29' title="bbox 99 1601 1457 1656; baseline -0.002 -13"><span class='ocrx_word' id='word_1_212' title='bbox 99 1604 232 1644; x_wconf 88' lang='lat' dir='ltr'>omnia</span> <span class='ocrx_word' id='word_1_213' title='bbox 244 1602 518 1645; x_wconf 78' lang='lat' dir='ltr'>convasabant.</span> <span class='ocrx_word' id='word_1_214' title='bbox 533 1602 691 1642; x_wconf 86' lang='lat' dir='ltr'>Deinde</span> <span class='ocrx_word' id='word_1_215' title='bbox 704 1630 715 1648; x_wconf 83' lang='lat'>‚</span> <span class='ocrx_word' id='word_1_216' title='bbox 739 1601 827 1654; x_wconf 91' lang='lat' dir='ltr'>post</span> <span class='ocrx_word' id='word_1_217' title='bbox 838 1602 1003 1655; x_wconf 82' lang='lat' dir='ltr'>aliquod</span> <span class='ocrx_word' id='word_1_218' title='bbox 1030 1604 1219 1656; x_wconf 78' lang='lat' dir='ltr'>temporis</span> <span class='ocrx_word' id='word_1_219' title='bbox 1233 1603 1317 1656; x_wconf 81' lang='lat' dir='ltr'>spa-</span> <span class='ocrx_word' id='word_1_220' title='bbox 1337 1614 1457 1640; x_wconf 38' lang='lat' dir='ltr'>Sei-undis</span> 
     </span>
     <span class='ocr_line' id='line_1_30' title="bbox 99 1649 1438 1725; baseline -0.001 -26"><span class='ocrx_word' id='word_1_221' title='bbox 99 1661 229 1706; x_wconf 87' lang='lat' dir='ltr'>cium,</span> <span class='ocrx_word' id='word_1_222' title='bbox 256 1658 383 1699; x_wconf 88' lang='lat' dir='ltr'>rursus</span> <span class='ocrx_word' id='word_1_223' title='bbox 418 1658 653 1698; x_wconf 79' lang='lat' dir='ltr'>audiebatur</span> <span class='ocrx_word' id='word_1_224' title='bbox 683 1657 849 1697; x_wconf 76' lang='lat' dir='ltr'>buccina</span> <span class='ocrx_word' id='word_1_225' title='bbox 872 1688 882 1703; x_wconf 89' lang='lat'>,</span> <span class='ocrx_word' id='word_1_226' title='bbox 910 1672 999 1711; x_wconf 78' lang='lat' dir='ltr'>quae</span> <span class='ocrx_word' id='word_1_227' title='bbox 1012 1658 1163 1712; x_wconf 81' lang='lat' dir='ltr'>signum</span> <span class='ocrx_word' id='word_1_228' title='bbox 1194 1660 1314 1698; x_wconf 78' lang='lat' dir='ltr'>dabat</span> <span class='ocrx_word' id='word_1_229' title='bbox 1333 1649 1438 1725; x_wconf 49' lang='lat' dir='ltr'>bsjsl‘ssf</span> 
     </span>
     <span class='ocr_line' id='line_1_31' title="bbox 95 1708 1435 1771; baseline -0.001 -15"><span class='ocrx_word' id='word_1_230' title='bbox 95 1717 210 1771; x_wconf 92' lang='lat' dir='ltr'>quod</span> <span class='ocrx_word' id='word_1_231' title='bbox 231 1714 498 1768; x_wconf 85' lang='lat' dir='ltr'>unusquisque</span> <span class='ocrx_word' id='word_1_232' title='bbox 518 1715 606 1754; x_wconf 90' lang='lat' dir='ltr'>sein</span> <span class='ocrx_word' id='word_1_233' title='bbox 628 1726 821 1768; x_wconf 87' lang='lat' dir='ltr'>promptu</span> <span class='ocrx_word' id='word_1_234' title='bbox 844 1726 974 1754; x_wconf 89' lang='lat' dir='ltr'>tenere</span> <span class='ocrx_word' id='word_1_235' title='bbox 984 1715 1144 1754; x_wconf 85' lang='lat' dir='ltr'>deberet</span> <span class='ocrx_word' id='word_1_236' title='bbox 1164 1716 1215 1754; x_wconf 86' lang='lat' dir='ltr'>ad</span> <span class='ocrx_word' id='word_1_237' title='bbox 1237 1716 1311 1755; x_wconf 83' lang='lat' dir='ltr'>iter</span> <span class='ocrx_word' id='word_1_238' title='bbox 1361 1708 1374 1717; x_wconf 72' lang='grc'>”</span> <span class='ocrx_word' id='word_1_239' title='bbox 1388 1709 1393 1716; x_wconf 70' lang='grc'><strong>’</strong></span> <span class='ocrx_word' id='word_1_240' title='bbox 1408 1712 1435 1720; x_wconf 81' lang='grc'>”</span> 
     </span>
     <span class='ocr_line' id='line_1_32' title="bbox 95 1770 1312 1825; baseline -0.004 -11"><span class='ocrx_word' id='word_1_241' title='bbox 95 1772 598 1825; x_wconf 71' lang='lat' dir='ltr'>iaciendum.Quapropter</span> <span class='ocrx_word' id='word_1_242' title='bbox 618 1770 716 1810; x_wconf 72' lang='lat' dir='ltr'>ntuli</span> <span class='ocrx_word' id='word_1_243' title='bbox 728 1772 840 1824; x_wconf 88' lang='lat' dir='ltr'>‚equi</span> <span class='ocrx_word' id='word_1_244' title='bbox 853 1772 1019 1811; x_wconf 82' lang='lat' dir='ltr'>onerarii</span> <span class='ocrx_word' id='word_1_245' title='bbox 1032 1803 1040 1815; x_wconf 87' lang='lat'>,</span> <span class='ocrx_word' id='word_1_246' title='bbox 1054 1785 1189 1811; x_wconf 77' lang='lat' dir='ltr'>currus</span> <span class='ocrx_word' id='word_1_247' title='bbox 1202 1800 1212 1818; x_wconf 86' lang='lat'>‚</span> <span class='ocrx_word' id='word_1_248' title='bbox 1222 1771 1312 1810; x_wconf 79' lang='lat' dir='ltr'>alia-</span> 
     </span>
    </p>

    <p class='ocr_par' dir='ltr' id='par_1_14' title="bbox 94 1827 1311 1991">
     <span class='ocr_line' id='line_1_33' title="bbox 95 1827 1310 1884; baseline -0.002 -15"><span class='ocrx_word' id='word_1_249' title='bbox 95 1845 173 1884; x_wconf 86' lang='lat' dir='ltr'>que</span> <span class='ocrx_word' id='word_1_250' title='bbox 193 1828 479 1882; x_wconf 87' lang='lat' dir='ltr'>1mpedimenta</span> <span class='ocrx_word' id='word_1_251' title='bbox 501 1827 743 1880; x_wconf 81' lang='lat' dir='ltr'>incipiebant</span> <span class='ocrx_word' id='word_1_252' title='bbox 762 1827 801 1866; x_wconf 82' lang='lat' dir='ltr'>in</span> <span class='ocrx_word' id='word_1_253' title='bbox 822 1828 1003 1867; x_wconf 86' lang='lat' dir='ltr'>ordinem</span> <span class='ocrx_word' id='word_1_254' title='bbox 1027 1828 1061 1867; x_wconf 83' lang='lat' dir='ltr'>se</span> <span class='ocrx_word' id='word_1_255' title='bbox 1092 1828 1310 1875; x_wconf 85' lang='lat' dir='ltr'>collocare,</span> 
     </span>
     <span class='ocr_line' id='line_1_34' title="bbox 94 1882 1306 1939; baseline -0.003 -13"><span class='ocrx_word' id='word_1_256' title='bbox 94 1886 344 1939; x_wconf 64' lang='lat' dir='ltr'>expettantes</span> <span class='ocrx_word' id='word_1_257' title='bbox 365 1885 525 1923; x_wconf 88' lang='lat' dir='ltr'>tertium</span> <span class='ocrx_word' id='word_1_258' title='bbox 548 1884 724 1922; x_wconf 81' lang='lat' dir='ltr'>buccinae</span> <span class='ocrx_word' id='word_1_259' title='bbox 737 1882 908 1924; x_wconf 88' lang='lat' dir='ltr'>sonitum</span> <span class='ocrx_word' id='word_1_260' title='bbox 922 1900 928 1923; x_wconf 91' lang='lat'><strong>:</strong></span> <span class='ocrx_word' id='word_1_261' title='bbox 944 1884 1306 1937; x_wconf 75' lang='lat' dir='ltr'>atqueinterimde</span> 
     </span>
     <span class='ocr_line' id='line_1_35' title="bbox 96 1939 1311 1991; baseline -0.002 -9"><span class='ocrx_word' id='word_1_262' title='bbox 96 1942 278 1991; x_wconf 77' lang='lat' dir='ltr'>jiciebant</span> <span class='ocrx_word' id='word_1_263' title='bbox 291 1940 439 1980; x_wconf 83' lang='lat' dir='ltr'>vallum</span> <span class='ocrx_word' id='word_1_264' title='bbox 462 1939 674 1979; x_wconf 81' lang='lat' dir='ltr'>castrorum</span> <span class='ocrx_word' id='word_1_265' title='bbox 690 1969 699 1985; x_wconf 94' lang='lat'>,</span> <span class='ocrx_word' id='word_1_266' title='bbox 720 1944 757 1980; x_wconf 70' lang='grc' dir='ltr'>δε</span> <span class='ocrx_word' id='word_1_267' title='bbox 790 1939 1010 1981; x_wconf 79' lang='lat' dir='ltr'>habitacula</span> <span class='ocrx_word' id='word_1_268' title='bbox 1037 1941 1102 1979; x_wconf 84' lang='lat' dir='ltr'>sua</span> <span class='ocrx_word' id='word_1_269' title='bbox 1141 1940 1311 1980; x_wconf 73' lang='lat' dir='ltr'>flammis</span> 
     </span>
    </p>
   </div>
   <div class='ocr_carea' id='block_1_4' title="bbox 88 1993 1306 2094">
    <p class='ocr_par' dir='ltr' id='par_1_15' title="bbox 88 1993 1306 2094">
     <span class='ocr_line' id='line_1_36' title="bbox 88 1993 1306 2049; baseline -0.011 -8"><span class='ocrx_word' id='word_1_270' title='bbox 88 1993 326 2047; x_wconf 72' lang='lat' dir='ltr'>tradebant,</span> <span class='ocrx_word' id='word_1_271' title='bbox 354 2008 398 2037; x_wconf 90' lang='lat' dir='ltr'>ut</span> <span class='ocrx_word' id='word_1_272' title='bbox 419 1996 589 2036; x_wconf 80' lang='lat' dir='ltr'>inimicis</span> <span class='ocrx_word' id='word_1_273' title='bbox 601 1995 846 2039; x_wconf 81' lang='lat' dir='ltr'>occasionem</span> <span class='ocrx_word' id='word_1_274' title='bbox 870 1999 1072 2039; x_wconf 87' lang='lat' dir='ltr'>demerent</span> <span class='ocrx_word' id='word_1_275' title='bbox 1111 1996 1180 2036; x_wconf 71' lang='lat' dir='ltr'>sibi</span> <span class='ocrx_word' id='word_1_276' title='bbox 1204 1997 1306 2049; x_wconf 64' lang='lat' dir='ltr'>post-</span> 
     </span>
     <span class='ocr_line' id='line_1_37' title="bbox 710 2054 1304 2094; baseline 0.002 -3"><span class='ocrx_word' id='word_1_277' title='bbox 710 2059 742 2091; x_wconf 73' lang='grc' dir='ltr'><em>Κ</em></span> <span class='ocrx_word' id='word_1_278' title='bbox 1133 2054 1304 2094; x_wconf 82' lang='lat' dir='ltr'>modum</span> 
     </span>
    </p>
   </div>
  </div>
 </body>
</html>
